3104 5168
692 489 861 539 lolrnllllls
879 490 1020 540 wrclrr
1215 469 1296 558 [cnr.
1312 486 1353 530 1v.

365 667 510 705 evacuare
544 664 667 723 peccata
698 649 854 706 obstancia
878 663 906 706 et
930 649 1017 705 inniti
1047 649 1161 706 racioni
1189 649 1353 724 scripture3

365 738 444 791 unde
482 749 513 792 ut
551 737 624 793 alias
662 736 731 808 dixi,
768 750 888 811 oportet
924 736 1063 810 spiritum
1100 751 1239 794 sanctum
1279 739 1354 794 tales

364 822 506 879 continue
530 823 687 898 inspirare.
712 823 831 881 Eleccio
851 843 921 881 vero
945 823 1104 898 inprovida
1119 824 1236 881 videtur
1260 824 1354 881 michi

364 909 394 966 in
423 910 571 984 ambiguis
599 910 687 967 inniti
716 910 860 968 eleccioni
889 913 1055 968 secundum
1088 911 1270 968 tradiciones
1300 913 1354 968 hu-

365 1016 479 1069 manas,
503 997 554 1055 ubi
577 1017 646 1072 pars
671 998 730 1055 alia
758 1000 795 1054 de
818 1000 883 1073 lege
911 997 959 1055 dei
982 1000 1084 1073 patule
1109 1011 1152 1056 est
1175 1017 1290 1056 secura.
1316 1002 1378 1056 Eri

363 1084 406 1141 sic
429 1084 547 1142 videtur
580 1085 671 1142 michi
704 1088 785 1160 quod
818 1085 917 1142 omnis
946 1085 1058 1160 eligens
1087 1105 1147 1160 quo
1177 1088 1214 1142 ad
1239 1099 1352 1143 statum

363 1173 408 1228 vel
442 1174 566 1228 modum
594 1172 712 1229 vivendi
745 1186 797 1230 aut
829 1173 975 1247 operandi
1007 1172 1038 1229 in
1071 1187 1151 1230 statu
1184 1176 1351 1231 secundum

363 1259 545 1316 tradiciones
579 1260 736 1331 humanas,
770 1259 894 1317 dimissa
917 1260 965 1317 via
989 1279 1064 1334 eque
1089 1260 1169 1318 facili
1194 1275 1222 1317 et
1246 1263 1351 1334 patula

363 1348 528 1403 secundum
557 1349 653 1421 legem
682 1346 740 1419 dei,
772 1361 876 1422 peccat
904 1347 1043 1422 graviter,
1076 1347 1145 1405 licet
1172 1347 1351 1422 ignorancia

364 1453 397 1490 ex
420 1447 545 1507 peccato
568 1434 661 1508 priori
686 1453 739 1509 per
762 1435 895 1508 graciam
920 1434 967 1492 dei
983 1435 1014 1491 in
1030 1435 1166 1509 pluribus
1183 1449 1349 1492 excusatur.
1367 1468 1396 1502 10

148 1536 184 1580 Νο
198 1538 308 1581 electioris
324 1537 353 1594 by
363 1525 399 1577 Et
416 1521 458 1577 sic
474 1521 592 1578 videtur
608 1522 699 1578 michi
717 1524 798 1596 quod
816 1523 896 1579 nulle
914 1522 1061 1580 eleciones
1085 1541 1159 1597 pure
1183 1525 1351 1580 secundum

160 1592 339 1688 fflissjg'sssmffi
362 1607 544 1665 tradiciones
568 1611 715 1665 humanas
739 1622 808 1665 sunt
832 1609 922 1681 licite,
947 1611 999 1667 sed
1015 1609 1174 1684 implicans
1192 1629 1223 1667 se
1239 1610 1270 1666 in
1287 1609 1353 1667 istis

205 1698 291 1740 lawlll.
363 1695 413 1751 ubi
446 1709 546 1769 posset
580 1699 744 1754 secundum
775 1698 871 1770 legem
901 1697 949 1754 dei
981 1699 1177 1771 supersedere
1200 1716 1218 1753 a
1241 1697 1352 1754 talibus

362 1796 467 1857 peccat
489 1783 627 1857 graviter,
653 1797 681 1840 et
698 1783 740 1840 sic
756 1783 872 1841 videtur
896 1784 988 1840 michi
1013 1786 1094 1859 quod
1118 1784 1352 1841 adinvenciones

362 1890 467 1926 omnes
496 1871 653 1927 hominum
679 1885 779 1944 preter
803 1871 894 1928 fidem
919 1871 1066 1946 scripture
1084 1876 1159 1929 'sunt
1184 1872 1394 1941 secundum15

362 1959 429 2031 plus
452 1959 498 2014 vel
522 1958 621 2014 minus
645 1958 817 2032 culpabiles.
843 1962 879 2015 Et
903 1959 945 2015 sic
968 1958 1085 2015 videtur
1108 1958 1201 2015 michi
1222 1961 1303 2032 quod
1320 1959 1352 2015 in

363 2044 512 2119 principio
529 2045 699 2119 argumenti
715 2065 818 2102 verum
836 2046 1035 2118 concluditur,
1053 2065 1121 2102 cum
1138 2046 1246 2103 melius
1262 2048 1351 2118 foret,

363 2122 444 2206 quod
477 2145 540 2189 tota
575 2147 683 2189 natura
715 2134 848 2189 humana
872 2135 1059 2207 regularetur
1086 2153 1160 2208 pure
1184 2135 1352 2190 secundum

363 2221 496 2293 regulam
522 2219 685 2294 ewangelii,
710 2222 856 2276 subducta
880 2220 964 2277 omni
988 2222 1053 2294 lege
1069 2221 1203 2277 humana
1223 2220 1352 2294 adiecta,

363 2306 434 2381 quia
458 2324 492 2363 ex
515 2306 574 2364 fide
598 2310 671 2364 deus
699 2307 833 2380 prescius
866 2307 1003 2364 omnium
1028 2310 1200 2364 futurorum
1225 2308 1352 2365 tradidit
1364 2345 1396 2380 20

362 2413 416 2466 per
432 2392 586 2450 Christum
611 2409 639 2451 et
663 2413 733 2450 suos
757 2396 909 2468 apostolos
933 2395 1171 2469 complecionem
1195 2395 1269 2469 legis
1293 2415 1351 2469 pro

363 2480 549 2537 beatitudine
578 2482 776 2556 acquirenda3
810 2484 964 2556 quomodo
998 2501 1156 2557 ergonon
1191 2482 1351 2557 superfluit

363 2587 423 2641 quo
447 2569 484 2623 ad
509 2569 588 2625 hunc
612 2569 702 2626 finem
738 2571 939 2643 superaddere
971 2589 1080 2626 novam
1113 2570 1229 2643 legem?
1262 2572 1351 2627 Unde

361 2654 500 2711 videntur
524 2674 587 2712 esse
610 2655 749 2730 discipuli
774 2656 952 2728 antichristi,
977 2657 1029 2731 qui
1053 2657 1158 2714 dicunt
1181 2659 1263 2731 quod
1286 2670 1350 2714 tam

362 2742 564 2799 necessarium
599 2757 641 2800 est
665 2746 866 2817 superaddere
891 2763 999 2800 novam
1023 2745 1120 2818 legem
1143 2743 1201 2818 legi
1225 2743 1349 2816 Christi,
1364 2768 1394 2819 25

362 2849 453 2904 quam
482 2830 685 2887 necessarium
714 2831 769 2887 fuit
797 2833 892 2904 legem
918 2831 1030 2888 Christi
1062 2832 1264 2906 superaddere
1292 2830 1351 2905 legi

361 2917 462 2974 veteri.
502 2921 545 2974 De
577 2917 635 2974 isto
668 2918 748 2974 alibi.
789 2922 825 2974 Et
860 2918 902 2974 ita
941 2921 1084 2990 concedo,
1123 2920 1205 2993 quod
1244 2931 1350 2990 status,

362 3017 482 3075 statuta,
509 3018 536 3062 et
560 3004 634 3061 ritus
659 3005 767 3062 adiecti
801 3008 965 3062 secundum
990 3005 1172 3063 tradiciones
1202 3006 1351 3062 humanas

414 3255 429 3285 r.
445 3242 537 3286 racione
552 3242 597 3285 bce.
639 3241 657 3285 5.
673 3243 697 3285 r'n
711 3247 775 3286 textu
790 3242 916 3297 paciencie,
931 3243 962 3285 al.
974 3255 1002 3285 m.
1015 3243 1091 3297 patule
1102 3254 1123 3293 a,
1140 3241 1257 3297 paciencie
1267 3242 1352 3300 bcesg;

361 3295 389 3336 ll.
406 3297 482 3337 secula
496 3296 550 3351 abg.
596 3295 617 3337 8.
633 3295 670 3337 via
684 3297 716 3337 al.
731 3308 760 3337 m.
776 3307 798 3344 a,
812 3306 856 3337 om.
872 3295 952 3349 cdefg.
999 3307 1030 3337 ro.
1047 3295 1119 3349 priori
1136 3295 1167 3337 al.
1182 3309 1211 3338 m.
1226 3307 1249 3344 a,
1263 3306 1308 3338 om.
1319 3307 1350 3389 p.

361 3360 387 3389 ll.
408 3348 492 3390 tradite
513 3360 570 3402 pure
589 3358 632 3402 ag.
714 3346 742 3390 13.
764 3348 787 3390 in
802 3351 866 3391 textu
886 3354 970 3402 preter,
989 3348 1021 3389 ol.
1036 3360 1065 3389 m.
1081 3353 1162 3400 posset
1174 3349 1205 3408 d!-
1224 3354 1304 3402 posset
1336 3348 1352 3396 i,

361 3406 437 3452 potest
456 3400 535 3442 ceteri.
617 3398 645 3441 15.
666 3407 719 3453 post
738 3399 806 3442 fidem
826 3400 841 3442 ι’,
923 3399 953 3442 18.
973 3411 1043 3453 quam
1063 3405 1110 3441 tota
1130 3399 1214 3443 eleccio
1234 3400 1352 3454 reguletur

360 3452 452 3504 (eleccio
462 3453 493 3494 al.
504 3454 542 3504 m.)
554 3452 576 3504 lt,
594 3452 710 3504 regulerur
720 3463 740 3494 e.
783 3463 814 3514 ¹9·
826 3452 899 3506 legem
909 3452 950 3504 (al.
961 3457 1008 3504 m.),
1019 3451 1139 3506 euangelii
1149 3451 1172 3494 lt.
1214 3463 1250 3495 20.
1261 3452 1316 3512 quia
1327 3476 1350 3482 -

360 3503 457 3547 tradidit
471 3516 515 3546 om.
532 3505 547 3546 ι’.
624 3515 653 3546 21.
669 3516 804 3559 proom.1.
868 3504 1127 3546 22.Ineoclr'eet'solo
1157 3506 1195 3547 ost
1207 3503 1351 3558 acquirenda

359 3556 416 3598 laec
435 3556 576 3598 intercalata
595 3560 650 3598 sunt
668 3556 752 3599 verbo:
791 3555 829 3598 uia
851 3555 919 3599 debet
940 3556 1033 3610 dignior
1053 3568 1131 3609 quoa
1167 3556 1349 3611 graduacionem

360 3609 506 3651 scolasticam
527 3608 631 3662 preferri.
656 3608 701 3653 Sed
722 3620 764 3652 nec
799 3620 827 3651 oc
846 3615 928 3651 vacuat
948 3608 1005 3662 legis
1025 3607 1169 3650 blasfemiam
1186 3619 1227 3651 nec
1241 3609 1350 3652 iustificat

360 3660 544 3703 declaracionem
560 3662 675 3715 papalem,
696 3673 749 3703 cum
770 3673 824 3713 sepe
845 3673 890 3703 non
907 3661 1033 3714 graduatus
1049 3660 1079 3703 sit
1093 3659 1200 3714 superior
1215 3665 1237 3703 et
1250 3660 1351 3703 habilior

359 3711 388 3754 ad
404 3714 505 3766 regimen
521 3713 660 3755 animarum.
676 3713 786 3756 Tercium
802 3725 856 3755 vero
871 3725 943 3767 genus
958 3712 1046 3755 heresis
1056 3711 1262 3768 symoniaccquod
1274 3719 1350 3767 potest

360 3777 445 3819 papam
460 3765 603 3819 contingere,
618 3772 652 3807 est
662 3764 795 3808 inordinata
805 3765 889 3808 volicio
901 3765 1035 3819 preficiendi
1045 3771 1138 3806 curatos
1148 3764 1243 3807 ecclesie
1270 3771 1350 3820 ropter

360 3817 486 3859 comodum
502 3817 642 3871 temporale3
663 3825 684 3859 et
703 3818 747 3860 ista
766 3817 873 3872 symonia
888 3817 985 3860 infinitis
1000 3817 1078 3859 modis
1094 3823 1170 3871 potest
1184 3816 1220 3859 ius
1235 3778 1350 3860 Christia-

360 3869 462 3911 nismum
483 3869 526 3910 late
547 3870 646 3911 inlicere.
671 3869 699 3911 Et
715 3883 756 3924 per
770 3870 814 3912 ista
830 3876 892 3924 patet
907 3869 996 3912 solucio
1012 3869 1039 3912 ad
1056 3869 1158 3924 primam
1173 3869 1348 3912 conclusionem

359 3921 459 3964 Luciferi
475 3921 581 3975 negando
595 3921 671 3976 ipsum
687 3928 822 3964 utsumme
842 3922 974 3964 hereticam.
999 3921 1028 3964 Et
1048 3928 1162 3975 quantum
1181 3921 1209 3964 ad
1230 3920 1349 3964 racionem

359 3973 484 4015 informem
501 3980 562 4027 patet
575 3973 639 4068 guod
655 3975 719 4016 solus
734 3975 791 4017 deus
806 3981 840 4017 cst
855 3974 965 4017 dominus
980 3974 1018 4028 qui
1035 3984 1129 4026 peceare
1144 3985 1190 4015 non
1207 3980 1291 4027 potest,
1312 3973 1348 4016 cui

359 4037 411 4068 com
431 4027 471 4068 elit
485 4037 572 4079 quomo
591 4037 698 4080 ocunque
712 4026 811 4069 voluerit
826 4026 858 4069 uti
873 4027 931 4068 suis
945 4026 974 4068 Et
988 4032 1101 4080 quantum
1116 4025 1144 4068 ad
1161 4025 1276 4068 minorem
1288 4032 1350 4080 patet

359 4039 428 4131 quod
439 4090 498 4132 papa
513 4079 624 4121 existente
639 4077 700 4120 iusto
715 4079 784 4121 habet
804 4078 895 4121 tilulum
915 4077 1082 4131 erlangelicum
1102 4078 1130 4120 ad
1151 4089 1220 4120 usum
1239 4078 1347 4120 omnium

361 4130 525 4184 temporalium
541 4131 636 4173 ecclesie
651 4131 779 4185 militantis,
795 4143 837 4173 nec
851 4138 885 4172 est
900 4130 1060 4185 pompandum
1076 4130 1104 4172 de
1119 4130 1172 4183 isto,
1187 4129 1241 4183 quia
1252 4129 1350 4183 quilibet

358 4194 500 4224 conversans
519 4183 572 4237 ipso
593 4182 678 4225 iustior
699 4183 769 4225 habet
788 4183 881 4225 tilulum
904 4184 1031 4232 veriorem;
1055 4182 1094 4224 sed
1117 4188 1194 4242 preter
1214 4181 1259 4224 hoc
1281 4181 1351 4224 habet

358 4234 450 4277 titulum
466 4235 580 4277 serviendi
597 4235 700 4289 ecclesie,
716 4235 873 4289 ministrandi,
893 4234 1038 4288 gubernandi
1059 4241 1080 4276 et
1100 4233 1252 4288 dispensandi
1268 4246 1350 4276 secun-

358 4287 414 4329 dum
429 4287 581 4347 ewangelium
598 4289 657 4329 bona
673 4288 777 4342 ecclesie,
797 4287 859 4343 quod
881 4293 915 4329 est
929 4287 996 4329 valde
1011 4287 1111 4329 alienum
1128 4298 1140 4328 a
1155 4285 1259 4329 manerie
1273 4286 1349 4329 domi-

359 4340 437 4382 nandi.
453 4340 478 4381 ln
493 4345 539 4382 isto
555 4352 614 4394 papa
631 4345 706 4392 potest
720 4352 797 4382 errare
812 4339 909 4382 faciliter
925 4351 965 4393 per
980 4337 1101 4382 Christum
1117 4346 1138 4381 et
1153 4351 1211 4381 suos
1226 4339 1349 4392 apostolos

357 4392 541 4446 complecionem
560 4392 617 4446 legis
637 4403 679 4444 pro
699 4392 839 4434 beatitudine
859 4391 1007 4445 acquirenda.
1100 4402 1136 4443 24.
1155 4403 1207 4433 esse
1228 4391 1262 4433 al.
1276 4403 1306 4432 m.
1325 4391 1347 4434 lt.

358 4445 393 4488 2¹3.
409 4456 443 4498 27.
459 4444 531 4498 legem
547 4451 646 4486 veterem
663 4456 683 4497 e,
699 4444 726 4487 ad
743 4445 815 4497 legem
832 4450 932 4486 veterem
947 4444 1023 4486 ceteri.
1077 4442 1112 4486 28.
1128 4450 1216 4486 statura
1230 4443 1287 4499 abg.
