3104 5168
683 492 852 543 Joaauurs
872 491 1011 542 wrcmr
1222 470 1353 560 [CARVI.

364 654 436 712 tuali
461 654 596 728 episcopi
621 652 789 710 ministerio
813 671 904 727 quam
930 652 1000 726 alio,
1025 672 1078 710 cur
1101 672 1162 709 non
1185 653 1254 710 licet
1279 653 1354 710 illud

362 743 491 800 vendere
516 754 544 799 et
568 760 630 798 non
653 758 754 797 omne.

163 840 338 893 Emprtncssos
407 830 465 886 Sed
501 828 549 886 hic
584 827 695 886 dicitur
727 827 906 898 comuniter,
939 828 1021 902 quod
1058 827 1145 884 labor
1182 827 1353 901 corporalis

151 893 348 988 nssfflsslelllsse
363 915 512 988 venditur,
538 936 600 974 non
625 914 809 986 benediccio,
834 927 862 972 et
885 914 929 973 sic
953 934 1009 990 pro
1033 913 1178 988 expensis,
1208 933 1270 971 non
1294 935 1352 990 pro

197 1000 299 1053 charges.
364 1003 604 1077 consecracione,
639 1005 728 1060 datur
752 1000 897 1075 precium.
934 1003 1015 1059 Istud
1039 1015 1140 1059 autem
1177 1014 1221 1060 est
1252 1000 1377 1059 simile5

362 1092 442 1148 facto
467 1090 597 1148 ministri
622 1089 779 1146 cuiusdam
810 1088 910 1145 divitis
938 1090 990 1146 sed
1019 1088 1116 1145 avari:
1151 1089 1245 1146 fertur
1269 1090 1351 1147 enim

362 1177 470 1234 dixisse
495 1170 638 1252 magistro
667 1196 721 1233 suo
746 1176 776 1232 in
800 1175 954 1249 nundiniS,
988 1178 1068 1251 quod
1093 1175 1149 1232 toti
1177 1175 1258 1234 illius
1281 1176 1351 1235 ville

362 1264 542 1322 comunitatl
566 1266 681 1322 donant
704 1263 796 1338 gratis
814 1282 904 1321 aucas
921 1262 1150 1338 pinguissimas,
1174 1265 1226 1321 sed
1243 1283 1350 1322 carnes

362 1353 486 1409 bovinas
525 1367 553 1410 et
587 1352 647 1410 alia
685 1349 829 1409 comunia
867 1350 967 1408 edulia
1006 1368 1074 1408 care
1113 1353 1261 1425 vendunt3
1301 1351 1351 1410 ille

362 1453 463 1498 autem
496 1440 590 1498 fertur
623 1441 782 1496 mandasse
815 1437 960 1496 ministris
989 1438 1149 1503 comedere
1181 1457 1272 1497 aucas
1297 1440 1394 1497 do-ro

362 1541 459 1599 nataS,
492 1529 543 1585 sed
576 1527 640 1602 ipse
671 1525 766 1584 voluit
798 1525 881 1584 refici
914 1525 1025 1600 grossis
1060 1525 1181 1583 cibariis
1215 1525 1349 1597 usitatis3

362 1617 413 1672 sed
446 1614 476 1670 in
505 1614 564 1672 fine
597 1615 677 1673 facto
710 1614 827 1671 calculo
862 1632 967 1670 carnes
1006 1612 1114 1671 bovine
1152 1612 1350 1672 inhauserant

362 1716 459 1761 totum
483 1702 618 1778 precium
644 1720 790 1758 aucarum
815 1719 873 1776 que
896 1701 1089 1775 fingebantur
1106 1700 1222 1758 donari.
1247 1704 1284 1759 Et
1307 1701 1350 1760 ita

360 1790 479 1847 videtur
511 1789 667 1847 ecclesiam
701 1787 893 1862 sophisticari
926 1788 955 1844 in
988 1788 1045 1846 isto
1078 1806 1233 1863 responso.
1280 1790 1351 1846 ldeo

367 1898 374 1933 r
392 1877 549 1952 questione
568 1877 595 1950 3,
613 1876 644 1932 in
661 1874 821 1951 principio,
840 1875 1004 1933 destruitur
1021 1875 1077 1933 ista
1095 1874 1204 1933 ficticia
1220 1877 1275 1933 sub
1293 1875 1350 1933 hiis
1365 1881 1392 1932 15

361 1964 474 2022 verbis:
509 1963 735 2039 ‘Temporalia',
768 1962 877 2039 inquit,
912 1967 982 2019 ‘non
1010 1962 1180 2037 spiritualia
1204 1977 1349 2037 ementes,
1393 1968 1401 1981 “

340 2072 554 2126 ,nequaquam
587 2050 754 2125 symoniaci
788 2049 918 2107 habendi
946 2051 1037 2107 sunt·'.
1073 2053 1110 2106 Et
1138 2052 1349 2124 respondetur,

362 2141 443 2215 quod
460 2158 521 2196 non
538 2140 634 2195 solum
652 2137 704 2212 qui
720 2136 899 2211 spiritualia,
916 2137 1081 2195 sedeciam
1098 2136 1150 2212 qui
1167 2138 1350 2212 temporalia

362 2227 404 2284 eis
421 2245 536 2283 annexa
560 2226 662 2300 precio
686 2224 839 2299 accipiunt
863 2223 1029 2298 symoniaci
1054 2223 1237 2282 iudicantur.
1262 2228 1349 2282 Unde

361 2313 526 2370 Malachias
543 2317 563 2370 l.
589 2313 652 2370 eius
669 2313 802 2386 capitulo
818 2312 859 2369 ita
875 2312 1002 2387 loquens
1023 2331 1056 2369 ex
1079 2330 1210 2386 persona
1233 2312 1349 2370 domini
1362 2334 1394 2368 20

362 2400 413 2457 ait.
439 2399 523 2470 ‘Quis
548 2401 611 2473 est',
636 2400 744 2474 inquit,
770 2398 810 2456 ‘in
826 2399 919 2473 vobis,
945 2399 996 2474 qui
1021 2400 1142 2456 claudat
1165 2399 1242 2456 ostia
1259 2413 1288 2457 et
1305 2399 1350 2456 in-

362 2490 471 2544 cendat
500 2490 593 2545 altare
623 2507 722 2544 meum
752 2486 901 2561 gratuito?
936 2490 1003 2544 Non
1027 2500 1071 2544 est
1095 2486 1186 2544 michi
1210 2488 1350 2545 voluntas

362 2575 392 2630 in
416 2573 509 2647 vobis,
535 2575 607 2632 dicit
631 2573 772 2631 dominus
796 2573 990 2647 exercituum,
1015 2587 1044 2631 et
1068 2593 1179 2631 munus
1202 2594 1263 2631 non
1286 2594 1350 2632 sus-

363 2662 473 2736 cipiam
491 2663 527 2719 de
544 2682 636 2719 manu
652 2663 770 2719 vestra'
797 2661 892 2718 ‘Ostia
908 2662 1069 2733 claudere',
1087 2661 1158 2719 dicit
1171 2661 1348 2734 Gracianus,

363 2768 434 2808 non
452 2761 495 2808 est
519 2749 596 2806 sacri
621 2748 754 2806 muneris
778 2748 923 2820 officium,
948 2750 1000 2806 sed
1017 2761 1135 2805 tantum
1151 2747 1206 2805 sibi
1224 2747 1349 2807 adiunc-
1363 2758 1392 2808 25

362 2853 437 2895 tum.
461 2842 523 2895 Nec
548 2837 683 2908 dubium,
708 2836 781 2912 quin
799 2835 841 2893 sic
865 2849 966 2911 posset
990 2835 1124 2893 excusari
1148 2835 1279 2911 quelibet
1303 2856 1349 2911 sy-

362 2925 474 2982 monia.
509 2928 581 2981 ltem
608 2943 675 2982 cum
701 2924 859 2998 episcopus
882 2922 984 2980 vendit
1007 2923 1136 2997 turpiter
1160 2925 1348 2998 corporalem

362 3014 508 3083 laborem,
533 3011 651 3068 videtur
675 3013 757 3086 quod
781 3012 868 3067 debet
893 3013 965 3068 dare
993 3010 1092 3085 ipsum
1122 3008 1265 3068 subiectis
1293 3031 1349 3086 pro

363 3101 465 3174 precio
482 3100 676 3173 competenti.
699 3101 757 3156 Sed
775 3110 894 3155 constat
911 3100 993 3172 quod
1008 3098 1098 3172 longe
1115 3097 1227 3155 minori
1245 3099 1348 3174 precio

362 3202 463 3262 posset
496 3187 658 3262 parrochia
692 3205 791 3243 emere
830 3199 948 3242 tantum
983 3185 1175 3260 corporalem
1211 3187 1393 3246 laborem30

361 3277 399 3331 ab
423 3274 564 3350 operario
588 3274 697 3347 alieno,
732 3275 814 3348 quod
839 3272 999 3348 episcopus
1023 3273 1140 3348 ingrate
1164 3273 1255 3331 ferret
1278 3293 1347 3332 cum

362 3363 422 3418 suis
447 3362 525 3419 liliis.
560 3364 622 3418 Nec
644 3363 724 3418 valet
749 3361 849 3418 dicere
874 3362 956 3435 quod
982 3360 1151 3436 corporalis
1176 3361 1263 3418 labor
1286 3360 1348 3436 epi-

362 3450 445 3524 scopi
471 3449 500 3505 in
535 3449 592 3505 isto
623 3462 666 3505 est
696 3448 791 3520 magis
829 3448 956 3519 validuS,
997 3468 1088 3523 quam
1123 3461 1225 3506 tantus
1261 3449 1348 3505 labor

413 3683 429 3714 r.
445 3670 501 3714 min.
517 3683 553 3724 cp.
568 3683 616 3726 ag‚·
634 3670 664 3711 ib.
678 3681 748 3724 quam
763 3670 792 3712 dc
806 3670 851 3712 alio
865 3682 906 3727 ag.
982 3670 1002 3714 8.
1018 3682 1137 3713 commun.
1153 3669 1257 3722 isolum,
1272 3672 1304 3714 al.
1318 3684 1348 3714 m.

361 3723 416 3766 add.
431 3735 461 3773 a;
475 3722 571 3765 donavit
584 3722 617 3769 ai,
632 3722 687 3764 dent
701 3734 720 3776 c,
736 3722 807 3766 donat
822 3735 842 3766 e.
898 3734 919 3777 p.
935 3722 1011 3766 edulia
1025 3735 1058 3772 ce.
1073 3722 1199 3766 vendibilia
1210 3734 1258 3777 pro
1272 3723 1349 3768 edulia

360 3788 400 3831 ag,
414 3774 482 3818 edilia
497 3775 571 3817 ceteri
574 3789 583 3826 ;
601 3773 631 3816 ib.
647 3775 671 3817 in
685 3778 749 3818 textu
764 3774 874 3827 vendunt,
894 3777 926 3819 al.
940 3788 969 3817 m.
985 3775 1089 3818 vendidit
1103 3774 1119 3817 i.
1188 3787 1219 3817 ro.
1235 3781 1280 3817 aut.
1296 3775 1348 3820 fert.

361 3840 406 3870 om.
421 3826 481 3882 bees,
501 3826 531 3869 al.
547 3839 575 3868 m.
593 3828 616 3870 d.
702 3838 731 3869 12.
747 3827 844 3869 calcullo
859 3841 907 3883 ag;
925 3828 953 3870 ib.
970 3828 1121 3870 inbauserant
1135 3827 1182 3876 celi,
1196 3827 1349 3872 inhauscrunt

361 3880 440 3923 ceteri.
508 3891 540 3931 ¹4·
555 3879 582 3921 lo
598 3892 658 3933 papa
670 3891 715 3933 pro
731 3879 783 3921 idco
798 3879 852 3935 afg.
921 3881 952 3924 iti.
968 3880 1004 3922 via
1020 3891 1081 3922 corr.
1097 3879 1181 3923 innon
1197 3891 1220 3931 a,
1236 3879 1274 3922 via
1288 3880 1347 3936 bees.

362 3945 391 3985 ¹7·
412 3932 457 3975 Sed
469 3943 516 3984 pro
531 3938 553 3973 ct
567 3932 652 3979 ceteri:
670 3931 700 3973 ib.
720 3931 811 3974 videtur
827 3944 873 3987 pro
895 3932 1049 3986 respondetur
1068 3933 1103 3987 gi,
1123 3942 1185 3975 corr.
1200 3943 1230 3974 ex
1248 3943 1310 3993 resp.
1325 3946 1347 3976 a.

361 3997 395 4027 20.
418 3985 432 4026 l.
448 3983 497 4026 cius
512 3995 563 4037 cap.
579 3996 622 4026 om.
639 3983 699 4038 bref,
718 3985 749 4025 al.
765 3997 793 4026 m.
808 3996 839 4035 a;
857 3985 886 4028 ib,
906 3985 944 4034 ita,
963 3996 1007 4026 om.
1028 3987 1108 4028 ceteri.
1188 3995 1218 4027 21.
1239 3985 1307 4028 nobis
1327 3986 1347 4040 b,

361 4048 424 4079 corr.
440 4048 469 4078 ex
483 4035 550 4076 vobis
563 4048 593 4086 a;
611 4036 640 4078 ib.
657 4036 731 4078 hostia
746 4037 825 4079 ceteri.
892 4048 925 4079 22.
942 4049 975 4090 gr.
990 4037 1028 4079 alt.
1045 4049 1075 4079 m.
1091 4038 1119 4087 lr,·
1137 4035 1167 4079 ib.
1183 4037 1284 4091 gratuito
1299 4037 1347 4091 celi,

360 4089 458 4141 gratuite
473 4089 553 4130 ceteri.
633 4086 667 4139 23,
682 4100 718 4140 aa.
734 4090 846 4143 accipiam
861 4090 917 4144 abg,
937 4101 1000 4132 corr.
1016 4099 1045 4131 ex
1064 4102 1125 4132 susc.
1140 4089 1162 4131 d.
1243 4089 1275 4133 25.
1291 4090 1348 4132 satis

361 4153 424 4183 mun.
440 4141 506 4195 bceg,
523 4143 581 4182 sacri
597 4141 629 4183 al.
645 4153 673 4183 m.
689 4141 711 4189 d,
728 4153 772 4183 om.
789 4142 868 4185 ceteri.
928 4143 962 4184 ab.
979 4141 1084 4196 possiti.
1138 4141 1175 4194 26,
1190 4151 1224 4235 πῆ.
1240 4154 1300 4197 sym.
1315 4143 1347 4185 al.

360 4206 388 4234 m.
404 4193 425 4235 la.
480 4194 514 4235 28,
531 4193 585 4234 dare
600 4205 644 4234 (un¹
661 4195 739 4243 celeri,
754 4194 787 4235 al.
802 4206 831 4236 m.
846 4195 868 4235 d.
924 4191 952 4236 31.
968 4206 1022 4247 ergo
1035 4204 1081 4246 pro
1096 4193 1159 4248 quod
1175 4205 1200 4236 ce
1220 4227 1225 4245 ,
1240 4205 1303 4237 corr.
1320 4207 1349 4237 ex

361 4246 422 4300 quod
434 4246 450 4287 d
455 4260 463 4294 ,·
478 4247 507 4288 ib.
519 4245 587 4287 ferret
598 4246 680 4300 acm,
691 4247 774 4288 l'uccrct
785 4246 822 4293 dlt,
834 4246 876 4288 sert
887 4245 966 4289 ceteri.
1021 4244 1053 4288 33.
1065 4247 1087 4288 iu
1099 4247 1145 4289 isto
1156 4247 1185 4288 sit
1196 4245 1295 4289 validior
1304 4259 1347 4303 ag.

416 4369 455 4419 15.
479 4370 558 4435 Corp.
582 4372 629 4420 iur.
653 4387 709 4420 can.
729 4372 758 4420 C.
776 4388 796 4434 r,
816 4388 842 4436 q.
864 4373 886 4434 3,
908 4372 1021 4420 Gratiani
1047 4372 1135 4421 verba.
1226 4387 1268 4420 ao.
1292 4373 1346 4420 Ma-

361 4439 523 4503 lach.r,1o.
594 4456 635 4504 24·
654 4441 763 4490 lbidem.
