3104 5168
693 452 862 502 Jounnurs
880 452 1021 502 wtcttr
1215 432 1296 522 [cnr.
1307 449 1349 494 vr.

361 615 502 670 inherens
518 612 700 682 substancie,
719 631 779 687 quo
796 612 863 687 ipsa
879 629 940 668 non
958 623 1001 668 est
1012 611 1137 687 aliquid,
1153 615 1205 670 sed
1222 613 1350 671 alicuius

362 701 455 773 modi,
482 714 510 757 et
533 700 577 757 sic
600 713 699 775 potest
724 718 777 774 per
800 698 879 757 vices
905 701 1010 757 abesse
1034 713 1063 757 et
1087 702 1192 758 adesse
1216 702 1350 759 essencie

362 787 540 845 remanenti.
558 790 596 844 Et
612 789 871 861 corespondenter
887 787 1043 845 seducitur
1059 787 1184 845 affectus
1201 788 1350 845 demerito

362 889 390 932 et
413 874 549 949 periculo
572 874 604 931 in
627 874 784 933 colacione
808 874 1024 948 temporalium
1042 893 1101 950 que
1118 874 1262 951 equivoce
1280 890 1351 933 sunt

362 962 536 1019 accidencia
560 963 641 1028 clero
662 965 707 1020 vel
731 962 887 1036 episcopo,
911 975 944 1019 ut
961 961 1020 1019 dixi
1037 962 1186 1038 superius,
1209 962 1252 1020 sic
1268 966 1377 1038 quodi

362 1069 419 1124 pro
443 1049 501 1106 illis
519 1064 645 1124 possunt
668 1049 821 1106 infinitum
839 1047 1103 1107 excommunicare
1119 1050 1165 1107 vel
1182 1043 1354 1109 concedere‘

363 1137 571 1211 indulgencias
595 1149 623 1194 et
647 1136 707 1195 alia
730 1135 901 1212 spiritualia
925 1135 1068 1211 suffragia
1092 1136 1245 1196 simulata.

775 1358 868 1424 CAP.
893 1361 943 1424 vt.

156 1528 216 1572 How
231 1526 344 1588 abisuop
409 1524 510 1578 Restat
528 1519 653 1577 ulterius
669 1520 770 1577 videre
785 1518 998 1593 particularius
1014 1522 1170 1596 quomodo
1192 1521 1352 1597 episcopus

183 1590 316 1688 msiiniicyur
366 1620 464 1684 potest
488 1607 643 1664 incurrere
667 1606 854 1681 symoniam;
879 1620 907 1663 et
931 1620 1015 1681 patet
1036 1626 1069 1664 ex
1086 1607 1174 1665 dietis
1198 1611 1353 1683 quomodo
1368 1631 1398 1664 10

367 1708 465 1770 potest
497 1713 560 1752 esse
592 1695 785 1769 symoniacus
817 1693 849 1750 in
881 1693 1029 1768 ingressu,
1064 1694 1095 1751 in
1130 1715 1291 1770 progressu
1325 1710 1353 1754 et

161 1790 178 1832 1.
193 1789 219 1831 ln
234 1787 339 1882 euteriytt
367 1783 397 1839 in
440 1790 569 1857 egressu.
618 1785 650 1838 ln
697 1781 833 1855 ingressu
879 1783 1125 1857 quandocunque
1159 1802 1354 1859 quocunque

156 1840 350 1953 upqnpyygepfypc
368 1869 469 1927 medio
504 1870 585 1944 capit
612 1868 669 1926 sibi
698 1868 870 1943 episcopale
898 1868 1033 1942 regimen
1066 1889 1141 1944 pure
1168 1872 1215 1927 vel
1247 1871 1354 1944 pocius

367 1971 493 2032 propter
516 1956 699 2032 temporalia
722 1958 815 2029 lucra,
840 1969 874 2012 ut
889 1956 1002 2012 fastum
1019 1959 1065 2015 vel
1088 1971 1227 2032 questum
1250 1957 1354 2029 seculi,

367 2064 459 2123 quarn
484 2056 611 2120 propter
635 2043 777 2100 meritum
805 2041 1001 2100 beatitudinis
1029 2044 1076 2102 vel
1103 2044 1221 2102 animas
1248 2045 1398 2119 populiri

367 2134 536 2209 querendas
553 2132 610 2189 deo
635 2149 688 2206 per
712 2128 882 2188 doctrinam
907 2130 980 2205 legis
1004 2149 1057 2188 sue
1077 2133 1168 2188 verbo
1193 2145 1222 2189 et
1245 2151 1353 2207 opere3

367 2221 449 2297 quod
473 2238 506 2276 ex
524 2220 616 2276 modo
640 2237 695 2275 suo
711 2217 829 2276 vivendi
846 2231 890 2274 est
913 2217 1001 2276 facile
1024 2218 1168 2276 iudicare.
1194 2219 1262 2277 Sive
1284 2238 1356 2294 ergo

367 2306 549 2384 processerit
586 2325 696 2363 munus
731 2325 748 2362 a
787 2323 889 2377 manu,
928 2303 989 2364 sive
1027 2325 1045 2364 a
1081 2305 1194 2380 lingua,
1238 2306 1300 2365 sive
1338 2327 1356 2365 a

368 2392 545 2467 ministerio,
579 2411 633 2467 per
661 2406 799 2450 curatum
832 2393 878 2449 vel
910 2391 1013 2466 alium,
1048 2395 1119 2450 dum
1149 2393 1269 2450 affuerit
1300 2395 1356 2450 hec

295 2521 304 2537 .
368 2481 541 2541 inordinata
564 2480 694 2554 voluci0,
714 2479 892 2537 ,comittitur
921 2480 1068 2554 symonia.
1099 2484 1131 2537 ln
1160 2481 1244 2537 omni
1274 2480 1401 2538 enimzo

367 2569 526 2628 volucione
550 2568 627 2625 sicut
651 2567 681 2624 in
705 2566 789 2625 omni
813 2566 945 2640 positivo
968 2567 1041 2625 latet
1064 2568 1180 2644 aliquid
1204 2567 1355 2638 divinum3

368 2659 435 2714 ideo
460 2656 490 2713 in
514 2654 749 2714 deordinacione
773 2673 864 2729 quam
889 2674 945 2713 nec
968 2674 1048 2730 papa
1071 2675 1127 2714 nec
1156 2657 1229 2712 deus
1257 2669 1357 2729 potest

368 2744 531 2802 iustificare
555 2742 653 2800 latitat
676 2741 823 2817 symonia.
848 2744 955 2799 Modus
978 2742 1082 2817 itaque
1099 2742 1214 2800 attendi
1238 2743 1355 2800 confor-

369 2831 459 2888 miter
497 2832 585 2888 debet
622 2832 660 2888 ad
692 2832 878 2888 voluntatem
910 2828 1061 2902 divinam,
1100 2849 1163 2887 non
1201 2831 1357 2905 querendo

369 2917 564 2992 subterfugia,
594 2919 676 2992 quod
700 2917 804 2975 omnia
829 2916 901 2973 talia
924 2931 1052 2991 possunt
1080 2920 1156 2974 bene
1180 2917 1255 2988 lieri,
1285 2916 1400 2992 quia25

370 3026 438 3064 cum
482 3007 555 3062 deus
598 3004 763 3062 auctorisat
806 3019 840 3061 et
873 3003 973 3082 faciat,
1016 3007 1092 3062 bene
1131 3005 1164 3061 fit
1202 3004 1358 3080 quodlibet

370 3092 541 3169 positivum.
557 3091 714 3166 Contingit
725 3090 805 3148 enirn
819 3091 973 3148 hominem
985 3093 1170 3148 attendendo
1181 3093 1219 3149 ad
1231 3093 1356 3149 modum

370 3181 486 3238 licitum
516 3179 670 3253 meritorie
698 3178 871 3252 superbire;
904 3197 975 3234 nam
998 3182 1048 3240 Ys.
1073 3181 1124 3236 61:
1152 3181 1221 3236 ‘Vos
1244 3191 1356 3251 autem,

372 3268 434 3339 lilii,
463 3269 635 3325 sacerdotes
664 3265 781 3323 domini
810 3264 991 3324 vocabimini
1021 3265 1151 3323 ministri
1175 3265 1223 3322 dei
1252 3266 1358 3323 nostri.

371 3354 495 3412 Dicetur
527 3353 626 3411 vobis:
660 3352 867 3410 fortitudinem
900 3352 1039 3427 gencium
1071 3352 1237 3411 comedetis
1269 3367 1298 3410 et
1327 3351 1403 3412 inlu

372 3441 498 3516 gloriam
533 3460 637 3499 eorum
670 3439 870 3514 superbietis'.
911 3438 985 3511 Quis
1013 3439 1092 3498 enim
1122 3439 1250 3514 dubitat,
1285 3439 1359 3515 quin

426 3639 442 3669 1.
458 3633 492 3668 est
506 3626 562 3680 quid
577 3638 603 3681 g,
619 3637 682 3670 corr.
698 3627 721 3670 in
736 3625 823 3680 aliquid
838 3637 861 3668 α.
929 3635 948 3669 2.
963 3625 1046 3669 adosse
1060 3633 1081 3668 et
1095 3625 1176 3668 abesse
1190 3636 1205 3668 a
1226 3657 1231 3667 .
1297 3637 1320 3677 4.
1335 3624 1359 3666 in

373 3679 467 3721 collecte
481 3677 560 3733 bcesg‚
576 3689 637 3721 corr.
653 3678 676 3722 in
691 3679 714 3722 in
729 3679 824 3721 collecta
838 3689 861 3728 a,
877 3677 943 3721 cione
957 3679 981 3722 in
996 3690 1044 3724 ras.
1059 3679 1089 3730 d;
1102 3678 1132 3720 ib.
1148 3677 1186 3732 qui
1208 3691 1223 3720 t.
1298 3690 1318 3732 7.
1333 3689 1360 3719 ac

371 3742 415 3785 pro
431 3738 453 3773 et
467 3730 511 3773 alia
525 3730 604 3772 ceteri.
689 3743 710 3785 9.
726 3731 772 3773 vid.
789 3731 829 3772 ult.
845 3738 868 3773 et
883 3738 941 3785 part.
957 3731 1036 3774 ceteri.
1125 3742 1151 3772 rr.
1166 3730 1225 3773 etin
1242 3741 1320 3785 progr.
1335 3741 1360 3780 a,

373 3784 450 3827 alm.
485 3784 501 3826 i.
583 3793 611 3825 12.
628 3782 650 3825 in
666 3795 713 3838 egr.
728 3783 757 3826 de
770 3782 792 3832 lt,
806 3783 829 3825 in
844 3794 888 3825 om.
904 3784 989 3835 ceteri;
1003 3783 1032 3825 ib.
1065 3782 1263 3837 uomodocunque
1277 3781 1359 3825 ceteri.

373 3834 402 3878 13.
418 3795 493 3878 medie
507 3832 572 3889 befg,
588 3846 650 3878 corr.
662 3836 686 3878 in
701 3848 738 3877 me
756 3847 779 3877 ro
793 3847 824 3886 α;
837 3835 866 3878 ib.
882 3835 954 3889 episc.
970 3847 1015 3896 reg.
1031 3795 1069 3885 dd,
1085 3835 1213 3888 temporale
1228 3847 1274 3889 reg.
1289 3834 1363 3877 ceteri

374 3891 427 3943 (reg.
444 3895 515 3942 temp.
530 3887 556 3947 i).
598 3899 630 3938 14.
646 3889 774 3942 temporale
787 3888 878 3930 lucrum
894 3887 981 3938 ceteri,·
995 3888 1024 3930 ab.
1036 3888 1070 3929 vel
1086 3887 1138 3930 fast.
1154 3887 1234 3930 ceteri.
1276 3886 1308 3930 ru.
1320 3899 1361 3929 suc

373 3943 393 3984 lc
411 3973 415 3982 .
430 3953 478 3995 ag;
494 3941 524 3983 r'b.
539 3951 562 3982 ut
577 3940 648 3981 verbo
663 3940 741 3982 ceteri.
789 3952 818 3994 17·
835 3940 880 3982 viv.
897 3952 939 3982 suo
953 3939 997 3983 fac.
1014 3946 1048 3986 est
1062 3939 1149 3989 ceteri;
1162 3939 1192 3982 ib.
1208 3951 1263 3993 ergo
1278 3951 1322 3982 om.
1338 3939 1360 3990 lt,

373 3954 444 4036 adm.
454 3993 477 4036 d.
532 4003 554 4046 ις)
579 3998 729 4046 procuratum
744 3993 821 4039 ceteri.
837 3992 907 4035 alium
915 3992 957 4048 fh,
973 3992 1065 4034 aliunde
1080 3991 1160 4041 ceteri,
1176 3990 1232 4034 dum
1247 4004 1291 4034 om.
1306 3991 1362 4041 atr}

374 4047 472 4089 assumit
483 4056 529 4100 pro
544 4045 580 4086 ull.
597 4043 662 4100 besg,
677 4055 739 4087 corr.
756 4045 779 4086 in
795 4045 885 4087 affuerit
900 4056 919 4086 c.
973 4055 1008 4086 20.
1024 4044 1109 4086 volicio
1125 4044 1203 4086 ceteri.
1220 4077 1222 4081 ,
1258 4056 1288 4087 21.
1304 4043 1361 4085 voli-

374 4099 440 4141 cione
467 4098 554 4149 ceteri;
580 4096 610 4138 ib.
640 4097 782 4150 patrimonio
808 4109 854 4152 pro
884 4096 984 4151 positivo
1008 4096 1093 4148 ceteri;
1120 4096 1149 4139 ib.
1178 4096 1271 4150 aliquod
1300 4096 1359 4150 bcef.

374 4149 408 4194 23.
422 4150 542 4193 instituere
555 4160 600 4202 pro
615 4148 686 4192 iustis.
703 4162 729 4201 e;
742 4149 771 4191 ib.
787 4150 864 4204 itaque
877 4149 908 4192 al.
919 4162 948 4192 m.
958 4149 981 4191 lt.
1030 4147 1064 4202 23,
1078 4159 1114 4200 24.
1130 4148 1182 4191 deb.
1198 4148 1260 4192 conf.
1275 4148 1360 4203 bcdesi'.

374 4215 408 4257 27.
425 4202 551 4258 positivum
561 4201 584 4252 lt,
616 4201 711 4244 ossibile
721 4214 754 4254 ce,
770 4202 872 4255 positum
888 4213 950 4245 corr.
962 4202 985 4244 in
997 4207 1116 4255 peccatum
1128 4201 1151 4251 d,
1167 4201 1270 4255 positum
1281 4201 1360 4244 ceteri.

374 4267 386 4300 2
406 4287 411 4296 .
430 4256 460 4298 til.
475 4254 511 4298 dei
527 4213 655 4313 sacerdotis
670 4266 720 4297 voc.
735 4255 758 4306 i;
777 4255 807 4297 til.
822 4253 951 4297 sacerdotis
965 4253 1030 4296 dom.
1046 4253 1068 4296 d.
1135 4252 1172 4297 30.
1192 4253 1298 4307 gencium
1315 4264 1359 4295 om.

375 4266 442 4364 aifg,
455 4307 487 4349 nl.
503 4306 633 4361 m.di,qu1
646 4318 693 4361 pro
708 4318 772 4361 genc.
788 4319 806 4356 c,
821 4318 884 4349 corr.
900 4306 923 4349 t'n
939 4306 1046 4360 gencium
1062 4317 1081 4348 e.

428 4412 468 4464 28.
488 4414 520 4464 Is.
538 4411 580 4477 61,
599 4412 624 4464 6.
