3104 5168
725 450 981 502 ARGUMENTUM.

362 615 545 671 declarando
562 612 715 686 symonias
733 611 915 686 multiplices
931 615 1119 687 prelatorum
1139 626 1166 669 et
1178 615 1347 685 detegendo

362 700 512 757 versucias
547 699 778 757 excusacionum
817 700 948 757 ostendit
983 719 1016 757 ex
1051 699 1138 756 dictis
1171 713 1346 756 sanctorum

362 790 515 864 quomodo
544 800 689 844 oneratur
718 786 844 844 ecclesia
869 802 898 844 et
922 789 1076 862 quomodo
1100 806 1155 862 per
1179 790 1259 844 dona
1283 800 1345 844 tam

362 889 432 933 ante
456 894 547 949 quam
573 888 642 949 post
666 873 796 931 exhibita
821 875 1024 931 committitur
1048 874 1195 949 symonia,
1253 914 1256 932 2

405 962 579 1036 Capitulum
591 961 753 1036 septimum
767 963 901 1019 declarat
913 964 1069 1037 quomodo
1086 961 1218 1036 religiosi
1230 980 1347 1035 posses·
1360 964 1372 1014 ὁ

361 1048 470 1107 sionati
494 1062 564 1106 sunt
587 1049 730 1123 utrinque
751 1049 918 1123 symoniaci
940 1049 971 1105 in
993 1049 1129 1123 ingressu
1146 1062 1174 1105 et
1191 1051 1347 1122 quomodo

361 1136 392 1194 in
422 1135 580 1211 empcione
607 1137 816 1194 corrodiorum
846 1136 1014 1193 comittitur
1042 1135 1194 1210 symonia3
1224 1147 1252 1190 et
1280 1149 1348 1209 post

361 1223 425 1280 eius
454 1223 696 1281 declaraciouem
725 1223 925 1298 multiplicem
950 1223 1028 1280 tollit
1051 1237 1111 1280 tres
1136 1221 1348 1279 excusaciones

361 1310 551 1387 sophisticas,
586 1309 769 1368 excuciendo
793 1328 942 1368 venenum
966 1309 1229 1385 appropriacionis
1254 1311 1349 1367 eccle-

361 1397 475 1455 siarum
514 1397 753 1473 parrochialium
793 1397 946 1455 convincit
986 1397 1083 1471 ipsum
1124 1394 1285 1470 tripliciter
1320 1410 1393 1453 etro

362 1484 455 1543 obicit
478 1484 639 1559 tripliciter
662 1504 697 1542 ac
721 1485 867 1557 dissolvit,
893 1486 1051 1542 declarans
1073 1484 1173 1559 primo
1192 1486 1349 1558 quomodo

362 1572 408 1629 ius
432 1584 612 1646 patronatus
629 1572 826 1647 sophisticum
845 1586 889 1629 est
905 1575 1071 1629 secundum
1089 1585 1220 1646 quatuor
1237 1574 1349 1644 gradus

363 1672 391 1717 et
415 1673 518 1717 narrat
541 1659 648 1733 triplex
673 1660 851 1730 remedium,
877 1661 1010 1716 secundo
1035 1650 1168 1716 declarat
1192 1660 1349 1732 quomodo

362 1745 426 1804 sine
450 1746 502 1803 tali
527 1745 722 1803 ecclesiarum
745 1745 997 1821 appropriatione
1020 1736 1135 1803 s'tarent
1159 1746 1295 1819 collegia,
1321 1758 1350 1802 et

362 1833 456 1890 tercio
498 1836 653 1909 quomodo
693 1853 748 1908 pro
781 1833 922 1890 omnibus
955 1832 1042 1890 bonis
1075 1833 1180 1889 mundi
1214 1852 1274 1889 non
1307 1832 1393 1889 sic15

364 1921 499 1978 foverent
521 1920 663 1979 discolos.

409 2007 583 2081 Capitulum
601 2021 742 2064 octavum
760 2008 897 2064 declarat*
910 2006 1009 2081 primo
1021 2005 1223 2063 extensionem
1237 2005 1350 2064 heresis

364 2107 427 2151 tam
450 2114 542 2168 opere
565 2115 657 2169 quam
683 2114 841 2151 consensu.
867 2096 1007 2151 Secundo
1032 2094 1166 2150 declarat
1190 2094 1351 2166 tripliciter

364 2183 520 2256 quomodo
550 2201 630 2256 papa
659 2201 728 2238 cum
758 2179 824 2238 aliis
853 2181 1014 2254 prepositis
1043 2181 1178 2262 inficitur
1201 2181 1349 2255 symonia,

292 2340 294 2347 Ι
364 2267 459 2325 tercio
483 2269 653 2326 ostenditur
677 2270 832 2342 quomodo
857 2280 885 2324 et
909 2287 926 2324 a
947 2268 1056 2342 quibus
1072 2269 1157 2342 lepra
1174 2268 1351 2343 symoniaca
1363 2287 1395 2319 20

364 2354 537 2412 decernitur
566 2369 595 2413 et
623 2358 779 2430 quomodo
808 2355 1000 2428 symoniacus
1028 2368 1096 2429 post
1120 2355 1350 2430 correpcionem

364 2442 513 2517 triplicem
547 2443 677 2517 fugietur
708 2456 736 2498 et
765 2442 925 2499 obiciendo
949 2441 1121 2516 specialiter
1144 2444 1180 2498 de
1205 2443 1351 2499 claustra-

364 2529 441 2587 libus
480 2530 586 2586 recitat
619 2544 751 2604 quatuor
784 2529 908 2586 ficticias
944 2543 972 2586 et
1006 2528 1152 2597 dissolvit,
1190 2529 1351 2586 obiciendo

365 2617 597 2691 quintupliciter
635 2630 741 2674 contra
780 2630 918 2690 quartam
952 2634 1011 2690 que
1043 2615 1167 2672 simulat
1199 2614 1350 2672 iusticiam

364 2703 654 2777 appropriacionum
689 2703 884 2761 ecclesiarum
920 2703 1139 2774 claustralibus,
1181 2716 1209 2759 et
1244 2703 1395 2758 ultim025

367 2789 498 2847 obicitur
521 2811 574 2864 per
598 2794 655 2848 hoc
679 2793 760 2866 quod
785 2791 866 2847 iuxta
890 2792 969 2847 hanc
985 2789 1064 2848 viam
1083 2789 1246 2846 delicerent
1264 2789 1352 2846 mini-

367 2876 457 2935 steria
475 2878 671 2952 prelatorum,
697 2891 724 2936 et
748 2877 883 2934 dissolvit
909 2879 1103 2934 concedendo
1127 2876 1200 2951 ipsis
1225 2877 1352 2933 existen-

366 2964 446 3021 tibus
484 2964 669 3038 symoniacis
707 2978 739 3022 ut
778 2965 913 3022 declarat
951 2983 1003 3039 per
1037 2966 1117 3038 leges
1151 2978 1179 3020 et
1213 2963 1352 3021 raciones

366 3051 561 3127 multiplices.

417 3273 439 3317 6.
455 3280 580 3330 utrumque
593 3274 627 3321 bc.
641 3273 761 3328 utriusque
768 3274 795 3328 s,
810 3274 901 3329 utrique
915 3275 930 3316 ι’.
