3104 5168
706 484 876 536 JOHANNIS
894 484 1033 534 WYCLlF

784 763 876 826 CAP.
902 763 968 825 Vll.

165 918 265 973 Simony
280 930 367 972 among
426 905 557 963 Ulterius
582 919 673 961 restat
696 905 797 962 videre
818 908 973 979 quomodo
996 905 1126 978 religiosi
1151 905 1369 980 possessionati

186 970 350 1066 rheoqqqpsqed
382 993 557 1067 symoniaca
591 992 687 1048 heresi
724 1006 792 1048 sunt
830 992 931 1049 fedati.
976 995 1127 1049 Fedantur
1165 992 1244 1050 enim
1284 995 1369 1068 lepra

381 1080 557 1154 symoniaca
587 1079 616 1135 in
645 1079 790 1153 ingressu,
825 1080 855 1136 in
884 1099 1046 1154 progressu
1075 1094 1104 1137 et
1136 1079 1305 1137 comuniter
1338 1079 1369 1137 in

382 1186 513 1241 egressu.
547 1170 579 1224 ln
611 1166 746 1240 ingressu
785 1167 938 1241 utrimque
971 1181 1114 1242 acceptor
1146 1181 1175 1224 et
1213 1173 1394 1242 acceptusi

382 1256 533 1328 Acceptor
571 1255 692 1329 quando
731 1255 802 1312 data
841 1254 1010 1328 adopcione
1050 1256 1086 1311 de
1129 1274 1258 1329 persona
1302 1256 1370 1330 plus

383 1341 522 1415 religiosa
540 1341 679 1416 preponit
697 1356 821 1415 propter
836 1341 1023 1418 sanguinein,
1042 1356 1132 1416 propt
1152 1362 1166 1398 r
1183 1341 1308 1399 divicias
1324 1343 1372 1399 vel

382 1447 503 1485 causam
535 1429 735 1503 temporalem
765 1428 937 1485 huiusmodi
963 1428 1062 1485 minus
1086 1443 1206 1504 aptum;
1235 1432 1369 1486 vendunt

383 1515 461 1572 enim
487 1515 662 1589 religionem
688 1529 716 1572 et
740 1516 876 1573 ordinem
903 1530 931 1572 et
955 1529 1067 1573 statum
1092 1516 1138 1573 sui
1162 1516 1287 1587 ordinis,
1312 1536 1372 1591 que

383 1617 427 1659 est
450 1622 498 1659 res
516 1603 603 1660 valde
627 1601 803 1677 spiritualis,
829 1617 857 1660 et
881 1605 938 1660 hoc
962 1603 1136 1661 inordinate
1159 1623 1215 1678 pro
1239 1607 1417 1662 c0m0d01o

382 1689 554 1764 temporali,
574 1709 644 1764 ergo
662 1689 743 1746 iuxta
754 1689 994 1764 descripcionem
1012 1705 1081 1748 sunt
1092 1705 1124 1748 ut
1135 1691 1177 1748 sic
1194 1691 1371 1765 symoniaci.

382 1777 431 1834 Sic
456 1777 536 1834 enim
562 1791 684 1852 possent
708 1796 741 1834 ex
759 1777 868 1835 infecta
892 1777 1044 1835 eleccione
1068 1778 1207 1835 ordinem
1233 1793 1371 1836 sanctum

381 1868 563 1924 subvertere.
598 1868 634 1921 Et
659 1865 738 1920 idem
770 1879 814 1921 est
837 1865 982 1922 iudicium
1007 1868 1044 1922 de
1068 1865 1251 1940 accepcione
1277 1866 1372 1941 precii

383 1971 415 2008 ex
448 1966 538 2026 pacto
571 1954 616 2008 vel
646 1952 863 2009 consuetudine
887 1972 942 2027 pro
967 1952 1101 2022 cocliari,
1131 1972 1186 2027 pro
1211 1953 1301 2027 cipho
1326 1955 1373 2011 vel

383 2039 555 2095 huiusmodi
580 2052 769 2096 ornamento.
796 2042 882 2097 Unde
904 2060 912 2095 1
936 2039 1093 2115 questione
1119 2056 1147 2111 2,
1173 2059 1240 2115 cap.
1264 2042 1415 2098 Nullus15

382 2127 511 2200 precipit
536 2128 676 2183 Urbanus
693 2128 716 2182 ll
741 2129 823 2201 quod
847 2128 956 2183 ‘nullus
983 2129 1076 2184 abbas
1101 2127 1237 2202 precium
1256 2128 1373 2202 exigere

381 2215 427 2269 vel
451 2232 569 2269 sumere
593 2215 630 2270 ab
656 2213 712 2269 biis
729 2214 780 2287 qui
805 2216 842 2271 ad
867 2213 1096 2271 conversionem
1122 2214 1246 2271 veniunt
1269 2215 1373 2291 aliqua

382 2300 485 2374 placiti
497 2301 712 2358 observacione
722 2314 885 2374 presumat.
905 2302 1049 2376 Regulam
1061 2302 1218 2377 antiquam
1233 2321 1372 2378 sequens,

382 2387 466 2459 nulli,
491 2407 648 2462 umquam,
674 2391 710 2445 de
734 2388 981 2445 ordinacionibus
1006 2388 1119 2464 aliquid
1144 2389 1270 2447 omnino
1294 2390 1373 2447 acci-

381 2473 524 2547 piendum
551 2494 614 2531 esse
639 2477 812 2532 constituo'.
843 2478 879 2531 Et
904 2490 985 2550 patet
1011 2495 1044 2533 ex
1068 2475 1190 2533 racione
1216 2491 1244 2533 et
1269 2477 1372 2534 multis
1385 2497 1418 2531 20

204 2587 330 2630 Corroates
381 2560 506 2634 legibus,
531 2565 572 2618 Ex
589 2582 649 2637 quo
666 2562 792 2632 videtur,
810 2565 891 2636 quod
909 2563 1119 2620 corrodiorum
1145 2563 1373 2622 comuta.i0nes

208 2641 326 2683 unlawful.
381 2661 449 2703 sunt
473 2647 585 2718 illicite,
620 2650 690 2724 quia
719 2649 903 2724 symoniace,
937 2670 1005 2706 cum
1035 2649 1080 2706 ius
1112 2651 1250 2707 vescendi
1284 2651 1373 2708 bonis

381 2754 549 2810 pauperum
579 2736 751 2794 inordinate
775 2738 862 2793 valde
887 2756 942 2810 pro
960 2738 1121 2811 temporali
1139 2737 1242 2810 precio
1267 2757 1372 2795 comu-

380 2835 461 2878 tatur
495 2837 523 2879 et
559 2842 612 2897 per
644 2838 831 2899 consequens
865 2824 1022 2898 spirituale
1055 2824 1227 2882 inordinate
1261 2824 1372 2882 emitur

379 2911 466 2966 valde
491 2910 618 2967 civiliter
643 2931 697 2984 pro
726 2911 829 2986 precio
859 2910 1030 2985 temporali.
1068 2911 1261 2969 inordinacio
1290 2912 1414 2970 enimri

380 3010 462 3069 paret
487 3016 519 3053 ex
543 2999 600 3054 hoc
625 3001 707 3072 quod
733 3017 835 3055 emens
860 2998 1035 3054 corrodium
1062 3000 1204 3073 desperat
1228 3001 1266 3056 de
1288 2999 1371 3056 ordi-

379 3083 507 3140 nacione
537 3085 584 3141 dei
614 3104 669 3158 pro
702 3086 768 3159 ipso
802 3105 861 3159 quo
897 3088 936 3142 ad
969 3085 1027 3141 vite
1059 3085 1229 3143 necessaria
1262 3101 1370 3145 contra

380 3171 565 3244 evangelium
595 3174 688 3229 Math.
716 3176 742 3230 6.
778 3175 919 3229 Secundo
947 3174 998 3229 dat
1027 3172 1220 3230 occasionem
1249 3173 1370 3230 ociandi

379 3271 408 3314 et
432 3257 587 3332 religiosos
611 3259 802 3316 subvertendi
827 3273 932 3316 contra
956 3261 1052 3333 legem
1078 3261 1158 3317 Bede
1186 3260 1217 3316 in
1241 3260 1370 3335 epistola

329 3493 331 3497 ,
430 3456 450 3501 3.
466 3461 565 3501 suntal.
582 3472 609 3501 m.
626 3459 648 3501 11.
723 3474 745 3512 4.
761 3467 783 3503 et
798 3473 876 3520 progr.
892 3461 971 3503 ceteri.
1048 3474 1071 3514 4,
1086 3461 1104 3504 5.
1121 3467 1143 3503 et
1157 3472 1369 3515 com-egressu

378 3522 422 3553 om.
440 3511 518 3559 ceteri,
538 3513 569 3554 al.
585 3525 614 3554 m.
629 3513 684 3554 add.
700 3512 722 3562 d,
743 3513 786 3555 sed
800 3513 908 3556 similiter
922 3513 983 3569 legit
993 3525 1038 3568 pro
1053 3513 1192 3556 comuniter.
1246 3513 1265 3557 5.
1280 3520 1370 3557 utrum-

378 3575 422 3616 que
433 3575 465 3612 ce,
481 3569 577 3618 uterque
588 3565 676 3606 cerei-i..
722 3563 742 3607 8.
758 3577 821 3607 caus.
833 3565 957 3619 specialem
969 3572 1040 3620 temp.
1055 3565 1071 3608 ι’.
1113 3577 1135 3620 9.
1147 3567 1181 3609 vel
1193 3572 1279 3610 statum
1290 3568 1369 3610 ceteri.

379 3626 407 3656 12.
420 3622 519 3668 possunt
529 3615 630 3670 abcesg‚·
644 3616 672 3659 ib.
684 3617 734 3659 ord.
746 3629 814 3660 suum
825 3618 841 3666 i,
855 3630 918 3660 corr.
931 3630 960 3660 ex
975 3624 1082 3660 sanctum
1097 3618 1136 3661 ad.
1179 3615 1207 3661 13.
1224 3625 1323 3672 pervert.
1334 3620 1370 3676 gi.

379 3679 411 3718 14.
427 3680 455 3710 ex
469 3675 573 3710 consuet.
590 3669 634 3724 dfi.
709 3683 740 3724 14,
757 3668 784 3711 15.
804 3671 839 3711 vel
855 3671 900 3712 alio
915 3669 1018 3712 huiusm.
1034 3682 1052 3716 c,
1073 3671 1119 3712 alio
1134 3682 1196 3713 corr.
1212 3682 1242 3714 ex
1260 3671 1333 3714 altero
1346 3671 1369 3722 d,

378 3720 473 3762 alterins
488 3732 507 3767 e.
523 3721 595 3763 altero
610 3722 689 3763 celeri.
749 3720 775 3763 15.
792 3734 817 3764 ca
838 3722 1214 3777 .null.0m.abcefg.al.m.d.
1269 3723 1301 3766 16.
1334 3735 1369 3766 re·

377 3771 463 3832 cipitur
477 3772 545 3832 abfg,
561 3773 699 3834 precepirn
713 3774 741 3815 ib.
754 3773 810 3834 Uib.
821 3735 842 3817 ll
857 3786 900 3816 om.
911 3774 987 3828 alces.
1030 3787 1060 3828 17.
1072 3786 1169 3834 ¹sumere
1179 3775 1248 3836 debet
1257 3775 1286 3818 ab
1295 3735 1370 3836 aigi,-

381 3823 410 3865 rb.
426 3836 604 3868 concursionem
620 3827 642 3875 r';
662 3828 692 3867 rb.
708 3833 851 3869 conveniunt
865 3827 887 3869 lr.
957 3838 986 3880 17,
1002 3824 1031 3869 18.
1048 3826 1092 3868 al1a
1107 3827 1138 3881 pl.
1153 3826 1219 3881 bces‚·
1237 3827 1260 3870 rb
1284 3828 1368 3882 placita

376 3876 475 3925 codices,
497 3876 590 3919 Friedb.
611 3879 635 3920 in
657 3882 736 3920 textu:
760 3879 780 3920 al
810 3880 869 3933 pacti
892 3879 1021 3920 occasione.
1045 3879 1091 3920 alii
1110 3890 1167 3922 vero
1189 3880 1240 3922 cod.
1263 3881 1293 3935 pl.
1316 3880 1367 3923 obs.

379 3928 409 3970 18.
425 3936 560 3981 presumant
575 3929 607 3971 bc.
656 3941 687 3983 19·
704 3930 798 3984 inquam
815 3931 901 3980 ceteri;
916 3930 944 3972 ib.
962 3931 984 3973 d.
999 3929 1050 3972 ord.
1067 3931 1122 3976 ali.
1137 3930 1199 3974 ald.
1215 3931 1267 3974 ord.
1282 3932 1356 3974 ceteri
1360 3946 1369 3983 ,·

377 3980 405 4022 ib.
421 3981 519 4023 omnino
534 3993 577 4023 om.
593 3982 614 4024 lt.
680 3993 708 4024 21.
725 3982 792 4036 legib.
809 3982 853 4024 ista
868 3983 984 4025 sentencia
999 3983 1085 4033 σκενῇ·
1103 3983 1132 4025 it.
1148 3989 1235 4026 comut.
1250 3985 1283 4026 al.
1298 3996 1328 4026 m.
1343 3985 1367 4026 lr.

377 4043 410 4074 22.
431 4032 581 4089 bonabcefg.
662 4045 697 4085 24,
713 4035 742 4077 25.
765 4035 808 4076 val.
824 4047 868 4077 em.
884 4034 927 4077 civ.
943 4046 986 4089 ag.
1067 4035 1098 4078 25.
1120 4034 1145 4077 ln
1161 4034 1293 4078 ordinando
1307 4035 1366 4091 bceff.

377 4085 412 4127 26.
433 4085 496 4139 quod
516 4097 599 4128 omnes
617 4086 707 4141 obedes,
729 4099 799 4129 omne
818 4088 896 4130 ceteri.
978 4087 1013 4136 26,
1033 4098 1068 4142 27·
1091 4098 1151 4129 corr.
1168 4111 1189 4118 —
1210 4087 1261 4130 ord.
1281 4099 1326 4131 om.
1345 4088 1366 4131 b.

376 4147 410 4191 27.
426 4136 516 4230 qlomini
531 4139 605 4199 ceteri
609 4153 617 4189 ,·
631 4139 660 4180 ib.
676 4137 715 4193 qui
731 4139 779 4180 dlii.
835 4138 870 4182 28.
886 4139 973 4183 Christi
990 4139 1061 4181 llath.
1077 4139 1164 4191 ceteri;
1177 4140 1205 4182 ib.
1221 4151 1270 4183 occ.
1286 4139 1309 4182 d.
1324 4152 1366 4196 ag.

377 4198 412 4242 29·
437 4201 471 4244 eg.
487 4200 531 4232 om.
547 4202 562 4231 1.

433 4295 470 4342 14.
509 4280 586 4344 Corp.
623 4282 670 4330 iur.
708 4297 730 4330 c.
762 4296 785 4342 2,
823 4282 852 4330 C.
887 4298 907 4344 1,
945 4298 970 4347 q.
1004 4296 1017 4330 2
1056 4282 1212 4348 (Friedberg
1242 4283 1261 4345 Ι,
1291 4281 1365 4347 408).

377 4363 418 4398 21.
437 4350 476 4398 De
495 4351 616 4398 corrodio
628 4350 758 4401 vocabulo
772 4351 804 4400 cf.
818 4352 943 4416 Ducange
958 4352 1122 4401 Glossarium
1135 4367 1156 4401 s.
1170 4369 1195 4402 v.
1207 4353 1364 4403 conredium

376 4427 402 4466 et
420 4419 550 4467 addenda.
623 4417 663 4468 28.
682 4419 772 4469 Matth.
791 4419 815 4482 6,
836 4420 867 4470 25
887 4436 964 4486 seqq.
