3104 5168
145 504 184 560 42

690 505 858 554 notrannus
877 504 1016 554 witern
1217 479 1299 567 [car.
1310 495 1351 540 ιν.

145 672 194 717 Tne
210 674 268 717 tiock
284 675 352 717 know
363 669 436 722 Item
454 666 505 723 illa
521 685 659 740 persona,
672 685 729 740 quc
747 685 779 722 ex
796 665 977 723 evidenciori
993 664 1114 734 noticia,
1131 682 1165 721 ex
1179 662 1351 738 specialiori

162 727 212 769 best
226 727 281 769 who
297 738 338 768 can

179 791 244 821 serve
259 779 318 822 their

207 838 289 873 ivants.

363 751 537 824 elemosina,
549 768 577 810 et
588 773 622 810 ex
632 757 778 813 sumenda
789 753 964 828 preciosiori
981 751 1131 810 medicina
1148 753 1237 809 habet
1254 750 1351 826 magis

362 840 514 910 interesse,
559 843 647 898 debet
685 840 828 899 eleccioni
867 841 920 899 tali
962 841 1159 921 approbando
1197 837 1351 910 assistere3

362 927 535 985 huiusmodi
550 948 611 986 non
628 943 671 985 est
687 949 767 1003 papa
779 948 839 1004 quo
856 931 893 985 ad
911 941 1082 986 contractus
1099 926 1155 983 sibi
1171 925 1352 1000 incognitos,

362 1017 413 1071 sed
438 1016 567 1090 populus
591 1017 782 1091 regulandus‚
812 1035 883 1090 ergo
907 1015 1017 1073 eleccio
1045 1014 1113 1072 talis
1137 1032 1215 1089 pape
1239 1026 1283 1070 est
1306 1012 1377 1069 in·5

362 1102 523 1176 pertinens
550 1106 721 1174 Quomodo,
747 1121 851 1178 queso,
876 1123 954 1179 papa
978 1101 1133 1176 cognoscit
1151 1103 1187 1158 de
1205 1099 1351 1170 moribus,

362 1209 420 1264 que
444 1208 573 1264 persona
597 1191 634 1247 sit
658 1190 797 1261 habilior,
826 1204 858 1247 ut
883 1190 935 1248 tali
959 1189 1039 1264 genti
1063 1188 1156 1264 presit
1180 1187 1351 1262 episcopus,

362 1290 413 1334 aut
437 1280 591 1350 quomodo
614 1298 693 1352 papa
717 1291 802 1352 coget
826 1279 944 1352 laycum
964 1280 1035 1334 dare
1051 1275 1246 1333 elemosinam
1264 1294 1351 1331 suam

361 1383 498 1438 persone,
532 1384 624 1439 quam
649 1364 743 1421 credit
767 1364 941 1435 inhabilem,
974 1365 1020 1422 vel
1043 1364 1198 1439 quomodo
1226 1375 1353 1435 cogetur

362 1450 498 1526 accipere
522 1452 708 1526 spiritualem
734 1451 915 1509 medicinam
940 1451 1053 1527 inqua
1077 1452 1165 1507 debet
1186 1468 1248 1506 esse
1270 1450 1350 1506 salus
1365 1469 1397 1501 10

362 1552 507 1612 perpetua
528 1552 589 1595 tam
607 1539 742 1614 corporis
766 1559 857 1614 quam
882 1540 991 1610 anime,
1016 1541 1053 1596 ab
1070 1539 1123 1594 illo
1138 1537 1241 1612 ydiota
1258 1555 1349 1610 quem

362 1625 457 1681 credit
481 1625 660 1696 inhabilem3
685 1629 767 1701 quod
792 1626 815 1682 si
840 1628 946 1683 absens
970 1625 1046 1682 desit
1069 1626 1101 1682 in
1124 1624 1188 1681 istis
1204 1623 1277 1699 quid
1293 1623 1351 1679 sibi

362 1713 591 1771 defructibus?
623 1717 659 1770 Et
683 1714 740 1770 ista
768 1714 886 1770 videtur
918 1712 1071 1770 sentencia
1098 1711 1177 1769 beati
1205 1709 1351 1768 Jeronimi

362 1819 451 1874 super
468 1800 633 1858 leviticum
651 1814 689 1857 et·
700 1800 823 1874 ponitur
840 1801 857 1857 8
875 1800 1032 1876 questione
1054 1821 1077 1856 1:
1103 1799 1216 1870 ‘Licet,'
1241 1798 1350 1872 inquit,

363 1887 514 1944 ‘dominus
525 1890 598 1944 deus
610 1890 647 1944 de
664 1887 873 1944 constituendo
889 1888 1070 1962 precepisset
1084 1885 1262 1961 principem,
1280 1884 1350 1941 licet
1365 1889 1395 1939 15

362 1974 457 2031 eciam
475 1975 615 2031 dominus
632 1975 768 2049 elegisset
786 1994 864 2046 eum,
883 1988 1065 2032 convocatur
1082 1974 1177 2031 eciam
1194 1973 1349 2046 sinagoga.

363 2061 536 2136 Requiritur
547 2082 618 2136 ergo
628 2062 659 2118 in
675 2062 844 2119 ordinando
861 2065 1048 2119 sacerdotem
1060 2062 1154 2119 eciam
1166 2060 1271 2135 populi
1283 2077 1350 2134 pre-

362 2148 471 2217 sencia,
489 2163 522 2204 ut
538 2149 633 2206 sciant
650 2169 754 2206 onmes
771 2164 800 2206 et
816 2149 888 2206 certi
906 2150 989 2221 fiant,
1007 2150 1078 2224 quia
1094 2149 1146 2224 qui
1161 2147 1352 2222 prestancior

363 2249 406 2291 est
423 2255 455 2290 ex
472 2236 554 2291 omni
571 2237 695 2310 populo,
720 2236 771 2311 qui
788 2237 919 2308 doccior,
944 2237 995 2310 qui
1013 2236 1159 2308 sanccior,
1184 2234 1235 2308 qui
1253 2234 1349 2291 eciam

362 2322 392 2377 in
409 2323 491 2378 omni
507 2323 616 2380 virtute
633 2323 826 2393 eminencior,
851 2324 900 2380 ille
917 2324 1045 2399 eligatur
1068 2325 1106 2380 ad
1130 2321 1348 2391 sacerdocium,
1361 2341 1394 2374 20

363 2423 390 2464 et
402 2410 458 2465 hoc
469 2423 629 2467 attestante
644 2412 767 2485 populo,
784 2430 821 2467 ne
839 2424 945 2469 contra
960 2412 1155 2487 postmodum
1170 2407 1349 2466 retractacio

361 2497 406 2552 vel
418 2498 576 2571 scrupulus
588 2498 739 2554 resideret.
752 2500 816 2554 Hoc
828 2511 871 2554 est
882 2511 981 2555 autem
993 2499 1075 2573 quod
1087 2498 1182 2554 eciam
1194 2496 1349 2571 apostolus

361 2583 488 2657 precipit
505 2583 536 2640 in
552 2584 746 2641 ordinacione
763 2586 926 2642 sacerdotis
943 2586 1058 2642 dicens:
1082 2587 1230 2659 “Oportet
1247 2596 1347 2640 autem

360 2670 445 2726 illum
457 2670 663 2728 testimonium
675 2674 784 2729 habere
795 2675 906 2729 bonum
919 2675 956 2729 ab
967 2672 1024 2729 hiis
1035 2672 1087 2746 qui
1094 2671 1165 2728 foris
1176 2670 1276 2727 sunt'’.
1284 2673 1348 2744 Ego

361 2770 462 2814 tamen
491 2772 519 2814 et
548 2759 677 2833 amplius
710 2760 824 2834 aliquid
857 2759 942 2816 video
974 2759 1005 2815 in
1038 2778 1073 2815 eo
1106 2760 1188 2834 quod
1223 2757 1391 2814 dicitur:25

361 2844 454 2918 “quia
477 2848 594 2920 Moyses
618 2847 793 2904 convocavit
809 2865 930 2903 omnem
954 2866 1149 2921 synagogam,
1173 2858 1206 2902 ut
1230 2847 1286 2901 hoc
1310 2844 1349 2901 sit

361 2931 490 3006 coligere
522 2953 627 2990 omnes
660 2934 753 3000 animi
785 2933 871 3005 vireS,
905 2947 933 2990 et
966 2934 996 2991 in
1033 2953 1127 2990 unum
1165 2951 1348 3006 congregare

360 3018 493 3090 virtuteS,
526 3034 558 3077 ut
583 3040 652 3077 cum
676 3040 775 3077 sermo
799 3023 835 3077 de
859 3021 1065 3078 sacerdotibus
1094 3034 1122 3077 et
1151 3017 1348 3077 sacramentis

361 3107 497 3179 habetur,
521 3107 643 3183 vigilent
673 3128 778 3165 omnes
807 3108 899 3165 animi
927 3109 1051 3165 virtutes
1080 3121 1108 3165 et
1136 3107 1249 3164 intente
1278 3106 1347 3177 sint,

360 3192 451 3250 nichil
473 3194 504 3252 in
532 3195 573 3251 eis
602 3196 762 3271 sapiencie,
792 3196 884 3252 nichil
912 3195 1050 3267 sciencie,
1079 3194 1173 3252 nichil
1201 3193 1346 3251 industrie
1360 3196 1392 3246 30

360 3281 445 3353 desit,
475 3285 527 3338 sed
551 3282 623 3340 assit
647 3282 745 3339 omnis
775 3283 937 3340 multitudo
966 3302 1119 3353 sensuum,
1152 3280 1224 3339 assit
1247 3281 1346 3338 omnis

360 3369 557 3442 congregacio
574 3389 728 3426 sacrarum
746 3369 979 3444 cogitacionum,
1004 3383 1036 3426 ut
1054 3369 1126 3444 quid
1142 3369 1180 3426 sit
1203 3367 1345 3443 pontifex,

412 3652 428 3683 1.
447 3641 471 3682 in
485 3644 548 3682 textu
562 3641 701 3735 specialiori,
716 3642 748 3684 al.
764 3653 792 3683 m.
809 3641 958 3694 spiritualiori
974 3652 1005 3692 a‚·
1024 3640 1174 3696 spiritualiori
1191 3641 1206 3683 i.
1274 3639 1294 3683 3.
1310 3653 1345 3682 se·

359 3692 461 3735 cundum
496 3705 523 3735 ro
543 3693 571 3735 de

359 3704 534 3799 appropriiindo
553 3745 607 3800 dsg,
627 3745 803 3800 appropriando
822 3746 879 3789 alias
899 3758 928 3800 ap
948 3745 1053 3788 robando
1072 3746 1092 3792 b,
1111 3746 1187 3788 assist.
1206 3746 1237 3788 al.
1258 3758 1286 3787 m.
1307 3745 1346 3792 ad,

358 3809 403 3840 om.
417 3798 483 3857 cefff,
554 3812 577 3850 4.
593 3804 710 3840 contratas
725 3797 769 3840 sibi
784 3798 914 3852 incognitas
928 3757 950 3840 ii.
1024 3797 1042 3840 5.
1058 3797 1102 3840 sibi
1117 3804 1152 3840 est
1166 3797 1223 3852 inp,
1239 3810 1299 3852 pape
1313 3796 1345 3839 al.

358 3862 387 3892 m.
402 3860 425 3890 a.
441 3850 484 3892 s1b1
500 3856 534 3892 est
548 3850 596 3904 inp.
611 3863 642 3906 g;
662 3862 721 3904 pape
735 3851 767 3892 al.
782 3863 810 3891 m.
826 3851 847 3891 11,
916 3862 945 3894 12.
960 3850 1059 3892 credidit
1073 3847 1120 3902 bdf.
1190 3848 1218 3892 13.
1234 3850 1262 3892 de
1277 3849 1344 3892 fruct.

359 3913 402 3943 om.
418 3901 503 3956 bcesg,·
521 3908 542 3944 et
555 3902 622 3944 fruct.
639 3902 718 3945 ceteri.
794 3902 821 3944 15.
837 3903 866 3945 de
880 3902 895 3944 11
908 3907 983 3945 solum
997 3902 1089 3945 exhibet
1095 3917 1104 3953 ,·
1122 3903 1146 3945 in
1160 3907 1225 3945 textu
1240 3901 1344 3952 sciendo,

358 3955 390 3996 al.
405 3966 433 3995 m.
449 3953 612 3996 constituendo
626 3954 672 4004 ad;
687 3954 781 3996 sciendo
796 3953 873 4011 bcejg.
937 3967 966 4008 17¹
983 3954 1102 3997 sacerdote
1116 3954 1191 4009 hedes.
1255 3952 1285 3997 18.
1299 3964 1345 4009 pro

358 4005 425 4048 fiant:
446 4005 492 4048 sint
506 4007 584 4054 ceteri,
599 4006 638 4060 qui
653 4017 697 4048 om.
713 4006 806 4062 bedesg.
887 4019 916 4050 21.
937 4013 1058 4049 attestante
1078 4006 1132 4061 bgh,
1154 4013 1244 4049 astante
1258 4006 1333 4049 ceteri
1336 4020 1344 4054 ,·

358 4064 438 4100 contra
452 4057 523 4115 aegh,
538 4070 582 4112 qua
596 4070 659 4101 corr.
675 4058 698 4101 in
713 4059 831 4111 contrad,
846 4071 891 4113 qua
906 4060 991 4110 ceteri;
1005 4059 1034 4101 ib.
1046 4058 1186 4102 retractacio
1201 4059 1217 4108 i,
1234 4057 1345 4101 retraccio

358 4110 436 4153 ceteri.
526 4121 558 4152 22.
573 4110 636 4164 quod
652 4117 673 4153 et
687 4112 765 4154 ceteri.
859 4110 892 4154 23.
907 4110 1010 4166 precepit
1024 4123 1047 4154 a.
1141 4111 1177 4154 26.
1193 4117 1344 4154 convocata.

358 4161 393 4205 28.
409 4161 569 4221 sacerdotibus
584 4168 606 4205 et
621 4163 773 4206 sacramentis
788 4163 836 4210 cah,
851 4163 972 4206 sacrandis
987 4163 1066 4206 ceten'.
1124 4174 1161 4218 29.
1176 4169 1202 4206 ut
1216 4162 1287 4206 nichil
1301 4174 1344 4215 ag.

358 4212 393 4257 30.
405 4225 452 4269 pro
467 4213 566 4257 sciencie
580 4215 674 4258 ecclesie
688 4216 767 4267 ceteri,
783 4217 817 4259 vel
832 4215 947 4259 industrie
960 4228 1001 4271 ag.
1068 4214 1101 4258 32.
1117 4221 1250 4258 sanctarum
1266 4214 1344 4258 ceteri.

589 3699 617 3741 et,
636 3693 775 3736 eleccionem
794 3694 869 3736 taliter
888 3694 966 3744 ceteri,
989 3694 1057 3736 elecc.
1082 3693 1217 3736 huiusmodi
1240 3694 1278 3736 tal.
1302 3703 1344 3748 ag.

414 4371 642 4434 14.lbld.c15.
749 4375 788 4424 23.
813 4374 831 4423 l.
850 4373 920 4422 Tim.
940 4375 963 4428 3.
982 4389 1007 4438 7.
1114 4372 1154 4425 25.
1180 4359 1256 4428 Num.
1275 4373 1301 4438 8,
1320 4390 1345 4442 9.

359 4441 400 4494 26.
420 4443 558 4493 Tractatus
576 4444 615 4494 De
634 4443 713 4508 Papa.
733 4443 773 4493 Cf.
792 4444 930 4493 Addenda.
