3104 5168
692 481 860 530 JOHANNIS
878 479 1017 528 wrciir
1198 459 1278 548 [cnr.
1293 476 1356 519 vin.

366 645 492 717 pellere:
532 659 594 697 non
619 640 699 697 enim
724 653 902 715 opporteret
926 642 963 696 ad
988 642 1046 696 hoc
1071 659 1181 714 parare
1205 640 1355 716 populum

366 732 512 804 grandem
552 730 729 785 thesaurum
773 741 800 784 et
839 728 1013 785 inmensum
1048 729 1094 784 vel
1124 747 1210 784 arma
1248 727 1357 784 bellica

148 830 217 884 rapat
232 830 554 892 coneuonsumptuosa,
580 817 632 872 sed
657 815 818 890 prohibere
842 819 888 873 vel
912 835 973 872 non
996 813 1158 872 licenciare
1182 827 1214 871 ut
1244 813 1285 870 hii
1309 816 1358 871 vel

162 881 343 978 anqlpmqppbe
366 907 544 962 collectores
576 903 685 977 perfidi
719 917 823 961 exeant
855 905 901 960 vel
934 903 1080 959 incollant
1113 914 1225 960 terram
1257 921 1358 958 suam.

367 994 540 1063 Quomodo,
567 991 703 1065 inquam,
721 992 948 1065 respondebunt
965 989 1117 1064 principes
1134 989 1166 1046 in
1183 990 1231 1046 die
1253 987 1384 1046 iudicii5

366 1100 421 1154 pro
446 1080 582 1147 ecclesia,
608 1098 700 1152 quam
725 1099 742 1135 a
767 1078 888 1134 Christo
922 1079 1066 1134 tuendam
1092 1090 1120 1133 et
1144 1076 1316 1152 specialiter
1341 1096 1359 1134 a

366 1168 541 1241 symoniaca
558 1165 655 1222 heresi
673 1179 866 1240 acceperunt,
880 1167 1002 1240 quando
1019 1177 1081 1221 tam
1099 1163 1229 1221 faciliter
1248 1176 1276 1220 et
1294 1176 1356 1221 tam

366 1255 421 1312 sibi
469 1254 583 1310 utiliter
632 1267 753 1327 possent
799 1271 946 1309 venenum
994 1252 1069 1307 illud
1107 1253 1276 1320 excludere,
1330 1265 1359 1308 et

366 1357 469 1399 tamen
494 1360 549 1415 pro
576 1359 682 1397 amore
700 1339 831 1414 dyaboli,
855 1339 926 1414 quia
942 1359 998 1414 pro
1023 1339 1101 1395 fastu
1119 1339 1222 1410 seculi,
1247 1357 1359 1395 consu-

369 1443 454 1485 munt
483 1426 609 1484 omnino
643 1428 793 1484 contrarie
818 1447 849 1483 se
874 1441 902 1484 et
926 1427 1010 1483 suos!
1049 1425 1231 1502 Quicunque
1256 1440 1406 1483 autemio

367 1515 531 1574 consiliarii
560 1514 732 1589 principum
756 1516 803 1572 rel
827 1514 1053 1571 contrariantur
1075 1514 1122 1570 vel
1146 1526 1247 1571 tacent
1276 1513 1361 1587 prin-

367 1604 484 1678 cipibus
517 1602 606 1658 istam
641 1602 827 1659 sentenciam
862 1601 990 1659 necandi
1016 1615 1044 1658 et
1069 1601 1264 1680 percellendi,
1289 1615 1361 1658 sunt

366 1705 524 1766 tamquam
549 1689 660 1746 summi
686 1689 819 1759 heretici,
846 1688 918 1763 quia
936 1688 1113 1746 calidissimi
1138 1689 1305 1763 symoniaci
1330 1701 1360 1745 et

366 1777 552 1834 subtilissimi
585 1776 724 1850 discipuli
758 1775 939 1832 antichristi.
979 1777 1160 1850 Speculator
1188 1789 1288 1834 autem
1313 1796 1360 1833 se-

366 1870 499 1922 cundum
524 1864 699 1920 doctrinam¹
720 1863 768 1920 dei
792 1865 900 1920 Ezech.
929 1864 976 1933 34.
1003 1865 1091 1920 debet
1115 1863 1250 1920 animam
1270 1882 1358 1920 suam
1374 1870 1403 1920 15

366 1968 394 2009 et
427 1951 532 2027 populi
556 1970 573 2007 a
597 1951 732 2024 periculo
774 1951 911 2021 liberare,
951 1949 1147 2007 considerans
1182 1953 1264 2025 quod
1295 1971 1359 2007 non

367 2040 520 2096 modicum
553 2040 605 2094 sed
629 2038 825 2110 grandiosum
850 2053 894 2096 est
918 2037 1085 2111 periculum
1111 2038 1158 2094 vel
1181 2039 1358 2112 persecucio

368 2127 436 2183 inde
460 2145 592 2198 surgens.
630 2126 679 2182 Sic
704 2125 806 2200 itaque
839 2126 967 2183 ecclesia
1000 2127 1053 2181 sed
1086 2124 1257 2198 specialiter
1291 2144 1358 2200 spe-

367 2217 517 2270 culatores
552 2214 661 2269 debent
699 2214 775 2269 tales
808 2214 998 2287 symoniacos
1037 2211 1187 2269 hereticos
1229 2215 1289 2270 alte
1328 2227 1357 2268 et

367 2301 508 2357 continue
533 2301 714 2369 declamare,
732 2305 877 2356 vertendo
896 2301 1062 2375 periculosa
1087 2300 1164 2356 bella
1189 2300 1358 2357 mundialia
1370 2323 1402 2355 20

367 2390 397 2444 in
430 2389 501 2444 illud
542 2387 690 2458 officiuim
724 2401 753 2442 et
792 2388 964 2462 quicunque
1003 2388 1167 2458 confessor,
1201 2388 1358 2445 consultor

366 2477 411 2532 vel
436 2479 616 2549 depravator
634 2475 713 2531 dicat
731 2477 927 2545 contrarium,
946 2488 1050 2531 caveat
1067 2474 1123 2530 sibi
1141 2476 1177 2529 de
1202 2474 1356 2531 sentencia

367 2563 481 2619 domini
518 2581 550 2616 ex
586 2561 761 2617 testimonio
795 2562 960 2619 Ezechielis
984 2562 1118 2618 animam
1144 2562 1294 2634 perditam
1319 2563 1357 2618 de

368 2670 460 2706 manu
484 2648 611 2704 tacentis
644 2649 790 2722 prepositi
824 2649 1015 2725 requirentis.
1054 2653 1115 2704 Nec
1139 2648 1356 2723 i'ideturquod

158 2751 291 2795 Simoniacs
306 2763 344 2793 are
367 2739 441 2794 tales
466 2736 603 2792 blasfemi
636 2736 801 2808 symoniaci
836 2751 904 2793 sunt
939 2736 1028 2793 hodie
1052 2750 1084 2792 ut
1108 2735 1138 2790 in
1173 2736 1238 2811 lege
1261 2737 1400 2795 veteri25

168 2805 344 2898 ⁰⁰1¹0¹21egsshl³¹¹²
368 2825 549 2899 generaliter
573 2824 742 2894 occidendi,
767 2827 819 2880 sed
843 2826 1008 2880 secundum
1035 2822 1205 2880 doctrinam
1224 2824 1357 2898 apostoli

368 2915 406 2969 ad
422 2913 525 2968 Titum
545 2911 571 2965 3.
595 2931 612 2968 a
630 2911 765 2984 quolibet
783 2912 963 2969 Christicola
979 2908 1121 2984 fugiendi.
1143 2912 1189 2966 Ad
1205 2911 1308 2968 Titum
1329 2912 1356 2967 3.

367 2999 549 3073 precipitur:
576 2999 760 3055 ‘Hereticum
794 2999 949 3055 hominem
983 3012 1052 3071 post
1085 2996 1215 3072 primam
1251 3011 1279 3054 et
1312 3016 1357 3054 se-

367 3089 498 3143 cundam
524 3085 752 3160 correpcionem
783 3087 902 3156 devita,‘
936 3104 1006 3141 nam
1032 3085 1082 3141 ubi
1116 3086 1255 3141 Christus
1287 3105 1356 3158 pre-

367 3175 440 3248 cipit
464 3175 571 3229 Matth.
597 3174 631 3230 18
657 3187 833 3246 peccantem
859 3173 889 3228 in
913 3192 969 3230 nos
993 3187 1078 3229 terna
1102 3171 1167 3230 vice
1191 3173 1355 3246 corripere,
1368 3181 1401 3231 30

367 3262 523 3336 apostolus
548 3280 618 3317 suus
642 3260 770 3335 precipit
804 3262 911 3317 eodem
945 3260 1054 3334 spiritu
1092 3260 1270 3331 hereticum,
1304 3260 1356 3334 qui

420 3476 435 3505 1.
452 3476 532 3516 parere
547 3462 578 3504 hi.
637 3462 656 3505 3.
673 3475 718 3504 non
733 3464 766 3504 al.
781 3475 809 3503 m.
825 3475 849 3515 α,
864 3474 908 3505 om.
924 3476 950 3518 g.
1010 3460 1028 3515 3,
1043 3476 1065 3513 4.
1082 3469 1106 3504 ut
1120 3463 1155 3504 rel
1171 3462 1206 3504 sui
1221 3463 1274 3504 coll.
1288 3473 1357 3518 areg,

368 3518 402 3558 sui
418 3528 480 3557 corr.
496 3516 519 3557 in
535 3515 595 3556 servi
610 3515 633 3567 d,
649 3516 682 3557 vel
700 3522 723 3556 ut
734 3527 752 3555 s
764 3516 815 3557 coll.
831 3517 847 3566 r',
862 3523 887 3556 ut
902 3513 960 3557 servi
972 3515 1007 3556 vel
1018 3516 1070 3557 coll.
1082 3513 1113 3568 bf.
1168 3527 1189 3569 7.
1204 3515 1322 3568 acciplunt
1332 3527 1356 3563 a,

367 3571 468 3610 intexta
488 3580 574 3620 accep,
593 3569 625 3608 ul.
641 3580 669 3608 m.
686 3579 777 3621 suscep.
793 3569 820 3615 b;
845 3568 874 3608 ib.
894 3568 950 3621 quin
966 3574 1012 3608 tarn
1028 3567 1058 3609 bi.
1126 3565 1146 3609 8.
1162 3566 1249 3609 utiliter
1263 3566 1355 3624 abcdes,

366 3620 479 3663 inutiliter
493 3620 571 3661 celeri.
639 3631 670 3662 io.
687 3619 734 3673 Qui
750 3626 837 3661 tantum
853 3620 885 3673 bf.
947 3630 977 3661 12.
992 3619 1091 3666 vacandi
1104 3631 1127 3668 α,
1143 3619 1238 3661 notandi
1253 3619 1303 3669 cde,
1315 3632 1357 3662 vo·

304 3702 306 3706 .
367 3673 460 3725 caudis.
516 3673 735 3725 inspeculruurce.
786 3672 1145 3725 14.15.itaquesecund.celeri.
1196 3670 1357 3724 15.Ezech.34

366 3725 468 3778 capitulo
484 3724 577 3766 debeth
667 3724 877 3771 inhonorare.
960 3736 989 3778 17.
1005 3725 1144 3778 gaudiosum
1163 3721 1236 3780 bceflr,
1255 3735 1316 3766 corr.
1331 3725 1356 3766 r'n

366 3777 517 3838 grandiosum
533 3788 562 3826 a,·
576 3777 605 3818 ih.
622 3782 643 3818 et
658 3789 718 3830 pers.
734 3777 812 3818 ceteri.
868 3776 898 3819 18.
914 3776 1141 3830 indeinsiirgensf;
1155 3787 1299 3830 consurgens
1314 3778 1357 3831 81':

366 3830 395 3871 rb.
411 3829 487 3882 itaque
502 3829 574 3870 eciam
591 3830 621 3870 br'.
676 3841 707 3881 io.
725 3829 858 3883 symoniace
873 3827 917 3885 bef.
973 3841 1005 3881 io,
1016 3841 1051 3870 20.
1067 3829 1111 3870 alte
1121 3835 1144 3869 et
1153 3829 1263 3871 continue
1277 3827 1355 3886 edesh,

366 3882 409 3922 alte
424 3888 445 3922 et
461 3881 557 3922 confuse
572 3882 591 3930 b,
617 3882 661 3923 alte
676 3889 697 3923 et
712 3882 773 3922 conf.
790 3882 823 3922 vel
839 3893 941 3935 congrue
960 3883 993 3936 gi,
1018 3881 1061 3922 alte
1081 3888 1102 3922 et
1122 3881 1233 3923 continue
1252 3892 1315 3923 corr.
1330 3883 1355 3922 r'n

367 3933 429 3975 conf.
446 3934 478 3974 vel
495 3945 596 3987 congrue
610 3945 634 3974 α.
701 3945 736 3975 2ο.
758 3933 873 3975 declarare
893 3934 929 3986 ab,
949 3934 1046 3975 declam.
1067 3945 1130 3979 corr.
1150 3935 1173 3974 in
1194 3933 1311 3975 declinare
1324 3945 1357 3988 g,·

365 3987 394 4027 ib.
411 3985 537 4027 mundialia
553 3986 582 4032 li:
603 3986 734 4027 lniurdiana
753 3983 784 4080 by,
806 3986 828 4027 in
845 3987 960 4028 undancia
976 3998 994 4036 c,
1016 3985 1156 4027 inundacius
1175 3997 1196 4037 e,
1217 3985 1356 4027 invadencia

366 4039 445 4079 ceteri.
508 4048 540 4078 2⁹.
557 4039 590 4079 vel
607 4037 747 4091 dampnator
768 4039 793 4092 f.
810 4050 871 4080 corr.
887 4039 910 4079 in
926 4039 1020 4091 deprar.
1037 4037 1066 4086 d;
1079 4038 1107 4078 ib.
1124 4037 1181 4079 dicit
1195 4037 1267 4091 bugu
1280 4038 1310 4079 ib.
1325 4037 1355 4079 de

367 4089 465 4131 sciencia
480 4089 538 4140 bref.
602 4101 637 4140 24.
654 4091 751 4132 tacentis
765 4090 813 4135 celi.
828 4102 890 4132 corr.
906 4103 935 4132 ex
949 4090 1047 4132 tenentis
1062 4091 1084 4130 d.
1154 4089 1186 4131 25.
1201 4097 1226 4131 ut
1240 4090 1272 4131 al.
1287 4102 1316 4133 m.
1330 4090 1353 4130 li.

366 4154 399 4195 27.
416 4141 443 4183 ad
459 4135 533 4184 ”sit‘3
546 4143 646 4196 primum
661 4143 682 4192 h,
698 4143 729 4183 al.
744 4155 773 4183 m.
788 4144 812 4194 d,
827 4155 870 4184 om.
886 4145 972 4191 ceteri;
986 4144 1015 4185 ib.
1031 4149 1085 4184 sunt
1099 4141 1147 4250 hy.
1164 4139 1197 4196 df.
1254 4140 1287 4184 28.
1303 4153 1355 4202 pre·

366 4196 455 4248 cepita
541 4207 576 4241 2ο.
592 4194 764 4236 correccionem
780 4195 801 4236 li.
866 4206 909 4254 ²29,
925 4194 958 4237 30.
976 4195 1077 4248 precepit
1091 4194 1139 4235 ab.
1217 4191 1249 4236 31.
1266 4205 1354 4248 precip.

365 4248 398 4289 al.
414 4260 443 4288 m.
459 4247 496 4294 ad,
510 4244 559 4289 om(
570 4245 607 4302 ef,·
621 4247 649 4287 ib.
665 4247 709 4288 eod
735 4247 791 4300 spir.
808 4259 895 4300 precip.
912 4248 992 4290 ceteri.

422 4357 459 4404 15.
478 4353 574 4404 Erech.
594 4355 634 4415 34,
658 4357 766 4405 10-13.
840 4357 880 4406 23.
901 4355 965 4404 lbid.
984 4371 1008 4403 v.
1032 4371 1069 4403 11.
1142 4369 1182 4418 27.
1202 4353 1254 4402 Tit.
1269 4355 1292 4415 3,
1316 4368 1354 4403 10.

367 4427 407 4475 30.
427 4424 516 4473 Matth.
540 4423 577 4485 18,
601 4425 638 4475 15.
