3104 5168
728 478 897 527 JOHANNJS
916 477 1056 526 wi'crir
1248 457 1330 546 [car.
1346 474 1387 517 vi.

401 641 600 698 ministerium
618 656 797 696 consumere
813 656 881 695 cum
898 635 1018 709 timore,
1036 649 1065 693 et
1081 656 1149 694 cum
1162 638 1272 695 habeat
1282 638 1388 695 omnia

399 732 479 786 bona
517 748 571 785 sua
609 727 638 783 in
672 724 804 796 comuni,
848 723 1001 781 residuum
1036 723 1161 798 provide
1198 725 1386 799 dispensare.

400 819 495 873 Debet
533 815 612 871 enim
651 811 825 886 quicunque
863 810 1023 884 episcopus
1061 813 1173 870 habere
1204 831 1387 887 quecunque

399 903 471 960 talia
496 921 555 977 que
578 912 707 973 occupat
728 913 883 973 tamquam
908 901 987 954 bona
1003 917 1173 972 pauperum
1197 900 1228 956 in
1250 901 1386 971 comuni,

400 1004 432 1047 ut
448 1004 530 1065 patet
547 1008 580 1046 ex
597 990 726 1060 allegata
743 987 806 1060 lege
823 985 961 1059 Gregorii
979 987 1125 1052 Pervenit,
1148 1007 1156 1042 1
1179 987 1338 1060 questione
1356 991 1413 1062 2‚5

399 1097 465 1152 cap.
491 1079 598 1133 Pastor
625 1074 742 1132 ecclesie
765 1087 794 1129 et
818 1092 884 1146 cap.
909 1072 1056 1147 sequenti,
1087 1074 1203 1149 Siquis
1231 1094 1287 1132 non
1312 1077 1385 1147 vult,

400 1184 467 1222 cum
502 1163 604 1220 multis
636 1162 678 1219 eis
709 1159 872 1231 similibus3
910 1173 939 1216 et
971 1161 1054 1217 racio
1089 1161 1243 1234 religionis
1272 1161 1386 1220 Christi

207 1258 226 1300 u
241 1260 318 1302 would
335 1259 362 1301 bc
398 1254 436 1309 ad
472 1251 544 1307 illud
578 1247 747 1307 necessitat.
782 1251 823 1303 Ex
856 1247 965 1322 quibus
999 1247 1188 1304 convincitur
1222 1249 1385 1323 exigencia,

188 1310 384 1418 biiiiirrffinave
399 1341 480 1412 quod
505 1337 603 1394 tucius
631 1351 659 1393 et
683 1334 849 1409 perfeccius
872 1335 949 1391 soret
973 1335 1149 1409 episcopum
1175 1337 1286 1393 habere
1309 1356 1386 1410 pure

214 1415 355 1510 „effigies
398 1425 543 1482 alimenta
564 1439 593 1481 et
613 1436 797 1498 tegumenta,
822 1435 854 1477 ut
876 1421 1004 1496 precipit
1027 1424 1183 1496 apostolus
1204 1443 1212 1478 1
1234 1423 1336 1480 Thim.
1356 1427 1385 1497 6,
1400 1445 1433 1478 ro

218 1519 353 1579 rtianrouc
398 1531 490 1586 quarn
529 1509 751 1586 quantamlibet
789 1509 981 1566 affluenciam
1020 1509 1234 1584 temporalium
1274 1511 1386 1584 quibus

225 1572 347 1667 curma,
398 1599 525 1657 ecclesia
549 1613 593 1655 est
609 1601 724 1668 dotata,
749 1596 821 1670 quia
838 1609 984 1671 quantum
1009 1599 1048 1653 ad
1071 1615 1232 1672 personam
1254 1598 1386 1672 pastoris

165 1678 170 1686 ’
397 1686 528 1761 pertinet
572 1705 658 1760 eque,
702 1703 793 1758 parce
839 1697 868 1740 et
911 1686 1067 1741 moderate
1111 1703 1235 1758 pascere
1272 1705 1385 1760 corpus

397 1793 496 1851 suum,
528 1787 556 1830 et
589 1787 736 1847 quantum
770 1773 809 1828 ad
837 1770 1029 1845 peregrinum
1060 1785 1088 1828 et
1111 1773 1224 1845 laycale
1248 1772 1385 1830 officium

397 1863 433 1917 de
484 1861 682 1918 deffendendo
733 1877 768 1915 ac
823 1857 1031 1915 distribuendo
1082 1861 1162 1916 bona
1213 1867 1430 1933 pauperum15

396 1961 488 2021 patet,
533 1949 616 2022 quod
654 1949 766 2003 nedum
805 1945 922 2003 adiacet
960 1948 1074 2019 grande
1112 1945 1292 2020 periculum,
1331 1949 1385 2003 sed

396 2054 481 2091 error
531 2034 689 2104 maximus,
740 2052 774 2089 ex
824 2052 884 2106 quo
936 2046 1034 2089 totum
1085 2052 1178 2106 genus
1224 2033 1384 2090 hominum

395 2122 567 2195 symoniace
590 2136 633 2178 est
656 2120 811 2177 infectum.
835 2123 872 2175 Et
895 2121 952 2176 boc
976 2122 1115 2176 movebat
1132 2139 1179 2177 me
1196 2139 1266 2195 sepe
1282 2120 1383 2179 dicere

394 2211 476 2282 quod
500 2208 614 2264 domini
639 2209 820 2282 temporales
845 2209 954 2263 debent
983 2207 1100 2263 auferre
1135 2207 1317 2282 temporalia
1345 2211 1384 2265 ab

395 2295 521 2352 ecclesia
546 2295 747 2369 delinquente.
773 2297 868 2350 Docet
892 2294 972 2350 enim
990 2293 1152 2368 Gregorius
1175 2297 1257 2368 quod
1275 2295 1384 2369 prelati
1396 2316 1430 2350 20

395 2382 551 2438 incurrunt
589 2381 832 2439 antichristinam
872 2381 1000 2437 heresim
1034 2395 1159 2456 propter
1191 2381 1383 2457 inprovidam

395 2469 643 2526 distribucionem
687 2472 836 2525 bonorum
882 2488 1049 2543 pauperum
1088 2488 1214 2525 onerose
1257 2469 1383 2540 familie,

396 2556 550 2627 militibus
575 2571 603 2612 et
628 2555 777 2630 cognatis;
803 2569 831 2612 et
861 2576 869 2611 1
892 2555 1049 2630 questione
1074 2571 1090 2610 2
1116 2557 1204 2613 docet
1227 2558 1383 2613 decretum

393 2642 538 2701 Jeronimi
567 2643 597 2698 in
621 2663 687 2717 cap,
716 2643 860 2699 Cler:'cos:
890 2643 1053 2708 ‘Clericus'
1079 2642 1187 2716 inquit,
1211 2641 1289 2700 ‘illos
1314 2663 1384 2701 con-

393 2730 474 2786 venit
503 2729 626 2787 ecclesie
650 2729 806 2804 stipendiis
831 2729 1002 2801 sustentari,
1035 2729 1144 2804 quibus
1168 2744 1329 2805 parentum
1355 2735 1427 2788 et25

394 2817 635 2892 propinquorum
669 2819 751 2872 nulla
785 2819 864 2872 bona
893 2817 1105 2890 suffragantur.
1140 2817 1198 2887 Qui
1222 2831 1324 2874 autem
1349 2838 1384 2876 er

394 2903 480 2960 bonis
497 2919 656 2977 parentum
675 2918 703 2960 et
720 2904 780 2959 suis
797 2903 905 2978 opibus
922 2904 1083 2961 sustentari
1101 2919 1235 2978 possunt,
1259 2903 1283 2962 si
1300 2908 1383 2980 quod

345 2984 348 2989 ¹
394 3010 561 3064 pauperum
587 3006 630 3047 est
654 2991 817 3064 accipiunt,
846 2991 1037 3064 sacrilegium
1061 2992 1196 3066 profecto
1220 2991 1383 3049 comittunt

394 3092 421 3133 et
457 3098 511 3151 per
543 3078 718 3135 abusionem
749 3078 855 3135 talium
884 3077 1029 3134 iudicium
1058 3078 1114 3134 sibi
1144 3080 1330 3136 manducant
1354 3093 1383 3136 et

394 3165 519 3221 bibunt'.
556 3166 642 3221 Unde
671 3163 753 3238 quod
790 3164 893 3221 omniu
927 3165 1060 3240 episcopi
1090 3168 1200 3221 debent
1235 3184 1299 3222 esse
1334 3172 1428 3223 co-3o

394 3251 507 3319 munia,
532 3252 674 3307 scribitur
689 3253 794 3308 eadem
813 3252 970 3325 questione
988 3252 1120 3326 capitulo
1138 3252 1235 3309 finali:
1261 3253 1382 3311 ‘Clerici

392 3357 496 3394 omnes
536 3339 594 3412 qui
620 3338 744 3395 ecclesie
782 3339 911 3395 fideliter
942 3339 1160 3413 vigilanterque
1199 3339 1380 3412 deserviunt,

392 3425 541 3498 stipendia
566 3425 677 3482 sanctis
701 3425 854 3482 laboribus
879 3426 979 3483 debita
1003 3428 1168 3483 secundum
1193 3425 1310 3484 servicii
1335 3427 1380 3484 sui

445 3638 459 3668 1.
471 3638 609 3668 consumere
624 3627 654 3668 al.
666 3640 694 3670 m.
707 3627 735 3677 lr,·
752 3628 779 3669 ib.
792 3628 860 3670 babet
875 3629 954 3671 ceteri.
997 3639 1017 3670 2.
1029 3627 1152 3681 providere
1162 3629 1177 3670 l.
1219 3625 1239 3671 3.
1250 3628 1320 3672 babet
1329 3629 1380 3684 bsg,

391 3689 453 3720 corr.
469 3679 492 3720 in
509 3678 592 3720 babere
606 3680 645 3720 ad.
700 3680 718 3722 5.
735 3679 842 3722 Provenit
856 3679 937 3735 abesg,
952 3681 1006 3722 add.
1023 3681 1107 3734 triplex
1122 3680 1158 3722 lex
1172 3681 1229 3735 cng
1290 3681 1313 3724 6.
1328 3694 1380 3734 cap.

392 3730 453 3771 Past.
469 3729 506 3778 dli,
522 3743 572 3784 cap.
588 3743 632 3773 om.
644 3733 731 3778 ceteri:
744 3732 772 3774 ib.
785 3733 833 3784 lege
849 3745 912 3787 sequ.
928 3732 1007 3774 celeri.
1023 3743 1086 3774 corr.
1098 3733 1121 3774 in
1137 3744 1187 3787 cap.
1199 3731 1233 3775 ad
1280 3744 1300 3785 7.
1312 3732 1382 3776 Chri-

392 3781 464 3824 stiane
476 3782 531 3836 lices
549 3814 553 3823 .
595 3784 615 3826 8.
628 3783 655 3824 ad
667 3795 711 3826 om.
723 3785 798 3839 licefg,
808 3784 840 3826 ill.
852 3785 959 3826 nuncciat
965 3785 1020 3879 psg,
1030 3796 1093 3827 corr.
1106 3785 1129 3827 in
1140 3796 1229 3826 necess.
1238 3796 1254 3826 α
1261 3799 1269 3836 ,·
1279 3786 1309 3828 ib.
1321 3786 1380 3840 exig.

391 3796 555 3890 ornnbclcfg.
595 3837 713 3889 9.quclri.
753 3837 954 3883 io.rorn.celeri.·
989 3837 1056 3879 biti.
1096 3837 1382 3891 nquamatibetafflucn-

391 3886 519 3947 ciabcefg.
571 3885 598 3928 13.
616 3899 684 3940 parce
699 3889 731 3930 al.
747 3901 775 3929 m.
792 3889 806 3929 lr
866 3888 893 3930 15.
910 3889 1059 3932 difl'cndcndo
1075 3889 1097 3931 lr.
1149 3901 1179 3941 17.
1195 3895 1285 3948 tantum
1300 3890 1381 3944 beesg,

391 3949 453 3979 corr.
471 3951 494 3980 m
509 3945 583 3981 totum
598 3951 620 3980 a.
681 3952 712 3994 19λ
730 3941 844 3982 seculares
860 3943 939 3983 celeri.
995 3953 1027 3982 22.
1044 3942 1098 3983 bon.
1114 3942 1278 3995 temporalium
1294 3944 1381 3992 ceteri,-

390 3991 419 4031 ib.
435 3990 490 4032 farn.
506 3992 537 4032 al.
552 4002 619 4032 msa.
635 4003 678 4033 om.
695 4005 719 4043 e.
763 4003 797 4041 24·
815 3992 921 4047 Gregorii
939 4006 963 4046 g,
979 4006 1042 4035 corr.
1053 3993 1077 4035 in
1091 3993 1169 4035 Jeron.
1184 4005 1213 4043 ας
1227 3994 1256 4035 it.
1273 3994 1296 4036 in
1311 4006 1330 4036 c.
1343 3993 1380 4037 Cl.

391 4044 527 4085 nmceteri.
595 4043 627 4086 25.
643 4051 664 4085 ct
679 4056 722 4085 om.
739 4044 815 4098 bcesg,
830 4046 862 4086 al.
878 4058 906 4087 m.
922 4058 943 4087 a.
1012 4058 1045 4098 27.
1062 4045 1129 4088 bonis
1144 4057 1170 4098 g,
1185 4057 1249 4088 corr.
1264 4047 1288 4088 in
1304 4047 1381 4100 operi-

392 4095 434 4136 bus
449 4106 472 4142 cr,
486 4095 597 4148 operibus
612 4095 626 4137 li
641 4103 663 4137 ct
677 4097 762 4145 ceteri;
776 4097 805 4139 ib.
822 4097 840 4138 si
856 4096 913 4139 illud
929 4097 991 4152 quod
1007 4099 1086 4139 celeri.
1141 4109 1176 4151 29.
1187 4097 1344 4141 ambicionem
1355 4099 1379 4142 li.

390 4144 425 4188 30.
441 4147 496 4201 quia
510 4148 590 4189 celeri.
645 4146 674 4189 31.
691 4148 809 4191 incudem
826 4152 904 4192 celcrr'.
960 4148 993 4192 32.
1009 4151 1058 4192 des.
1075 4151 1118 4203 vig.
1135 4150 1215 4193 celeri.

396 4263 398 4268 ’
445 4271 467 4320 5.
483 4272 561 4334 Corp.
580 4273 627 4320 iur.
648 4288 704 4321 can.
724 4289 744 4322 c.
769 4274 806 4333 13,
827 4273 855 4322 C.
880 4290 899 4335 ι,
919 4289 945 4338 q.
966 4275 979 4324 3
1000 4274 1117 4339 (Friedb.
1138 4275 1155 4336 l,
1173 4276 1248 4339 417).
1302 4273 1378 4325 ath.

391 4355 412 4388 c.
437 4355 452 4404 7
481 4351 506 4390 et
533 4342 557 4402 8,
587 4342 615 4392 C.
640 4358 659 4403 1,
689 4358 714 4407 q.
740 4357 752 4391 2
783 4343 812 4405 (i,
835 4359 896 4409 409,
918 4345 991 4407 410).
1101 4359 1139 4392 11.
1168 4345 1176 4393 l
1200 4344 1280 4406 Tim„
1304 4344 1328 4407 6,
1352 4343 1378 4394 8.

392 4409 432 4458 23.
452 4410 530 4474 Corp.
550 4412 597 4458 iur.
617 4427 638 4460 c.
658 4410 681 4472 6,
702 4413 731 4460 C.
750 4416 770 4473 t,'
788 4428 814 4477 q.
836 4414 899 4474 ill,
918 4418 994 4480 4quss
1045 4415 1086 4464 31.
1105 4412 1141 4462 ib.
1162 4429 1183 4463 c.
1207 4429 1237 4463 10
1255 4414 1286 4478 (Ι,
1304 4416 1377 4479 411).
