3104 5168
152 485 191 540 60

149 668 171 711 ll
183 669 221 710 tlrc
236 673 354 720 presentet:

150 721 206 762 does
218 725 258 762 not
270 731 321 774 pay,
331 719 358 760 he

150 773 195 815 will
214 784 273 814 soon
289 771 352 814 learn

177 825 230 867 how
246 824 282 867 sar
297 824 336 866 tlte

182 883 292 932 payment
307 876 326 918 is

189 931 320 984 voluntary.

696 493 864 542 ¹ratramus
883 492 1023 541 wxcrxr
1228 470 1309 560 [uxr.
1324 488 1354 531 v.

368 666 473 728 raptus
496 653 542 709 sui
567 651 705 709 beneficii
730 652 832 710 collati
856 652 944 709 alteri
960 651 1093 709 ostendit
1110 653 1193 727 quod
1212 652 1354 710 mentalis

369 740 509 797 condicio
534 753 578 797 est
602 740 735 797 adiecta:
769 753 798 796 et
822 739 865 796 sic
889 738 1110 814 multiplicatur
1134 752 1294 812 peccatum
1321 758 1354 797 ex

367 827 515 903 gravitate
528 845 665 901 persone,
680 845 712 884 ex
726 827 868 884 simulata
880 826 999 884 iusticia
1011 839 1039 883 et
1051 845 1084 883 ex
1095 826 1241 884 blasfema
1252 826 1354 884 vendi-

369 915 494 972 cacione
526 914 685 988 potestatis
719 933 861 972 concesse
895 913 976 971 Petri
1009 913 1132 971 vicario.
1172 917 1234 971 Nec
1267 916 1353 971 obest
1392 962 1394 966 ,

369 1004 450 1077 quod
475 1001 610 1059 succedit
634 1001 716 1075 pacti
741 1001 887 1058 reddici0.
923 1006 1000 1058 Nam
1026 1001 1105 1070 Gesi,
1131 1000 1183 1076 qui
1206 1001 1263 1058 fuit
1286 1009 1380 1076 pre-5

369 1090 475 1164 cipuus
508 1088 700 1163 symoniacus
734 1089 765 1145 in
796 1088 889 1145 veteri
918 1102 1113 1160 testamento,
1148 1107 1211 1145 non
1238 1088 1353 1163 pepigit

370 1195 507 1251 expresse
530 1178 576 1233 vel
600 1176 691 1233 tacite
716 1195 783 1232 cum
801 1179 940 1232 Naaman
964 1189 1034 1232 ante
1056 1178 1170 1232 donum
1194 1175 1241 1232 dei
1266 1175 1353 1250 spiri·

370 1266 451 1321 tuale
475 1266 578 1320 datum
604 1282 657 1337 per
675 1263 809 1320 Elizeum
835 1277 877 1335 ut,
903 1277 986 1337 patet
1010 1282 1040 1334 4,
1065 1266 1136 1337 Reg.
1157 1264 1183 1333 5,
1208 1264 1260 1320 sed
1283 1276 1353 1337 post

370 1349 455 1408 dixit:
481 1350 630 1425 ‘Pepercit
647 1350 789 1407 dominus
812 1369 896 1407 meus
912 1353 1051 1407 Naaman
1069 1349 1137 1406 Siro
1161 1349 1221 1421 isti,
1243 1363 1353 1406 utnon

370 1438 520 1512 acciperet
538 1441 575 1495 ab
594 1439 727 1512 eoquod
745 1438 860 1495 attulit:
885 1437 957 1495 vivit
973 1437 1126 1508 dominus,
1144 1436 1215 1511 quia
1232 1455 1352 1494 curram
1370 1459 1399 1493 ro

370 1539 438 1599 post
456 1544 523 1582 eum
541 1539 569 1582 et
586 1525 734 1600 accipiam
759 1527 796 1583 ab
821 1544 857 1582 eo
878 1524 1014 1599 aliquia*
1040 1528 1117 1581 Ecce
1134 1526 1216 1598 quod
1233 1524 1353 1581 oblacio

370 1613 425 1669 fuit
450 1632 551 1683 causa,
576 1631 670 1686 quare
694 1612 763 1669 Gesi
788 1612 894 1669 habuit
917 1611 1125 1686 symoniacam
1150 1612 1350 1669 voluntatem.

370 1702 429 1756 Sed
462 1718 542 1774 papa
574 1712 738 1774 antequam
772 1700 909 1756 conferat
942 1698 1135 1770 beneficium,
1165 1711 1246 1756 taxat
1270 1698 1353 1773 ¹quid

370 1800 529 1861 promotus
546 1786 645 1843 reddit
669 1788 775 1844 saltem
800 1786 975 1842 indistincte
992 1785 1254 1856 condicionaliter,
1279 1785 1303 1842 si
1321 1803 1355 1842 ex

370 1894 430 1931 una
455 1873 624 1931 collacione
640 1887 759 1931 tantum
778 1874 895 1931 habeat.
924 1875 1074 1944 Secunda,
1099 1872 1171 1930 licet
1188 1873 1256 1930 Gesi
1275 1872 1354 1929 iura·
1370 1880 1399 1929 15

370 1974 474 2019 mento
503 1961 597 2036 priori
631 1961 767 2017 adiunxit
801 1961 1005 2032 mendacium,
1042 1973 1145 2017 tamen
1173 1959 1267 2034 peciit
1299 1962 1354 2015 sub

371 2051 503 2123 quadam
538 2048 696 2119 modestia,
725 2062 873 2123 quantum
902 2051 1043 2104 Naaman
1067 2047 1156 2104 titulo
1190 2047 1355 2104 elemosine

370 2135 464 2192 voluit
481 2135 538 2191 sibi
556 2138 638 2192 dare.
663 2135 824 2192 ‘Dominus
849 2154 943 2205 meuS,
968 2134 1077 2209 inquit,
1103 2133 1185 2190 misit
1203 2152 1250 2191 me
1271 2136 1309 2191 ad
1326 2146 1355 2190 te

372 2222 489 2279 dicens:
524 2225 616 2279 Modo
648 2236 795 2279 venerunt
828 2225 866 2280 ad
895 2242 944 2278 me
977 2224 1037 2278 duo
1076 2222 1285 2279 adolescentes
1318 2223 1356 2277 de

373 2322 476 2366 monte
500 2310 624 2366 Effraim
649 2329 682 2366 ex
706 2309 775 2367 filiis
800 2311 1035 2384 prophetarum3
1061 2311 1099 2366 da
1123 2308 1182 2365 illis
1207 2309 1355 2365 talentum
1369 2331 1402 2365 πο

372 2396 489 2470 argenti
507 2410 535 2453 et
551 2409 647 2454 vestes
664 2397 845 2454 mutatorias
863 2396 1019 2471 duplices'
1046 2395 1186 2470 Dixitque
1202 2399 1355 2452 Naaman:

373 2483 491 2541 ‘Melius
515 2497 559 2540 est
588 2497 620 2540 ut
653 2484 785 2558 accipias
819 2487 879 2540 duo
912 2485 1041 2552 talentaf,
1075 2497 1105 2540 et
1139 2483 1236 2557 coegit
1264 2483 1354 2540 eum.¹

372 2574 454 2644 Papa
465 2584 576 2642 autem,
594 2570 618 2626 si
629 2571 696 2646 quis
707 2572 796 2628 fuerit
807 2571 885 2642 talis,
904 2570 1015 2627 dicitur
1026 2573 1138 2627 nedum
1151 2571 1357 2645 superaddere

372 2658 544 2714 iuramento
573 2677 629 2714 suo
658 2661 695 2714 de
724 2661 857 2733 regendo
886 2657 1045 2716 ecclesiam
1075 2657 1274 2714 conformiter
1298 2656 1357 2731 legi

372 2744 485 2803 Christi
508 2745 635 2820 simplex
659 2746 863 2818 mendacium,
888 2748 940 2802 sed
965 2746 1160 2802 blasfemum:
1186 2747 1222 2801 de
1242 2757 1357 2819 papatu
1370 2751 1401 2801 25

373 2846 401 2889 et
439 2833 620 2890 excellencia
659 2833 815 2907 dignitatis
849 2832 989 2907 capiendi
1026 2831 1210 2906 temporalia
1246 2831 1357 2888 virtute

372 2919 581 2994 generacionis
614 2919 725 2977 Christi
762 2935 789 2978 et
825 2920 914 2991 Petri,
955 2919 1086 2994 qualiter
1119 2918 1257 2977 Christus
1295 2937 1357 2974 non

373 3020 473 3081 potest
498 3007 646 3082 accipere,
673 3021 701 3064 et
718 3027 779 3065 non
803 3021 961 3083 tamquam
979 3007 1049 3063 Gesi
1072 3008 1139 3081 plus
1164 3003 1260 3080 quam
1281 3005 1357 3079 petit

374 3107 417 3150 est
442 3108 566 3152 coactus
590 3094 735 3169 recipere,
760 3097 813 3151 sed
837 3108 995 3169 tamquam
1014 3093 1190 3151 demonium
1216 3092 1358 3149 meridia-

373 3201 445 3237 num
471 3181 551 3256 cogit
576 3183 703 3239 miseros
727 3196 888 3257 promotos
912 3182 979 3256 plus
1004 3201 1095 3256 quam
1129 3181 1240 3238 vellent
1272 3179 1358 3237 inviti
1370 3183 1403 3234 30

372 3271 507 3327 reddere.

425 3536 440 3566 1.
461 3524 524 3567 dedit
534 3536 582 3580 pro
597 3524 700 3567 ostendit
713 3524 757 3579 bes,
772 3536 834 3567 corr.
850 3525 873 3567 in
889 3531 932 3566 ost.
948 3523 977 3575 d,·
996 3523 1052 3566 dicit
1065 3523 1081 3566 d
1085 3539 1095 3574 ;
1114 3522 1203 3566 dederit
1216 3536 1240 3578 g,
1255 3535 1317 3566 corr.
1333 3522 1357 3565 in

372 3583 417 3617 ost.
431 3588 454 3619 a.
508 3574 527 3619 3.
544 3589 643 3631 persone
657 3577 766 3629 lisoium,
782 3589 826 3620 om.
841 3577 920 3625 ceteri,
934 3576 965 3618 al.
977 3589 1005 3618 m.
1016 3587 1045 3618 ex
1059 3575 1161 3618 ostendit
1171 3587 1233 3618 corr.
1244 3575 1266 3624 d,
1281 3581 1358 3618 osten-

373 3627 406 3670 dit
416 3641 464 3683 pro
480 3640 578 3682 persone
592 3629 608 3672 i.
687 3627 707 3682 3,
722 3642 744 3682 4.
765 3641 793 3671 ex
807 3629 873 3672 blasf.
888 3627 1061 3671 vendicacionis
1077 3634 1189 3683 potestate
1207 3627 1284 3683 erasm
1302 3639 1357 3669 con·

372 3692 437 3723 cessa
450 3681 499 3732 aba.
560 3695 583 3735 4.
598 3682 666 3724 Petro
680 3694 703 3725 a.
771 3694 791 3736 7.
807 3687 859 3723 ante
874 3681 961 3724 donum
977 3680 1013 3723 dei
1028 3680 1066 3729 dli,
1080 3687 1133 3723 ante
1147 3692 1191 3723 om.
1206 3680 1285 3732 ceteri,
1301 3678 1356 3722 don.

373 3746 383 3774 s
403 3732 429 3776 ir.
445 3733 491 3775 dat.
499 3733 525 3788 s,
540 3732 628 3777 donum
643 3734 708 3776 dedit
723 3735 802 3777 ceteri.
888 3744 910 3778 o.
926 3731 981 3776 (liro
995 3733 1017 3774 lr.
1104 3744 1130 3775 ιι.
1145 3732 1184 3775 ἰΙΙο
1198 3732 1220 3782 a,
1234 3745 1261 3775 eo
1276 3731 1356 3775 ceteri.

374 3744 401 3828 ri).
417 3798 462 3828 una
477 3786 500 3835 h,
516 3799 557 3829 sua
571 3786 649 3830 ceteri.
708 3797 739 3829 21.
755 3786 842 3840 argenti
858 3785 906 3837 celi,
923 3785 972 3827 auri
987 3785 1066 3828 ceteri.
1127 3796 1162 3836 24.
1179 3785 1206 3827 ad
1223 3782 1325 3839 regendo
1333 3781 1357 3836 s,

373 3838 506 3892 derogando
521 3838 536 3888 i,
551 3840 604 3882 eccl.
620 3851 687 3881 suam
702 3839 733 3881 di.
784 3838 815 3881 25.
828 3837 949 3881 blasfemia
962 3849 1012 3898 nep,
1027 3837 1174 3880 blasfemiam
1182 3837 1215 3892 f;
1229 3836 1257 3878 de
1272 3842 1357 3891 papatu

372 3891 451 3947 acefg,
466 3903 517 3933 esse
532 3891 657 3945 primatum
668 3891 691 3946 lt,
706 3903 757 3933 esse
772 3897 882 3945 papatum
893 3890 923 3941 bi,
938 3888 966 3932 de
977 3896 1078 3944 primatu
1088 3901 1150 3932 corr.
1161 3900 1190 3931 ex
1200 3890 1228 3931 de
1239 3895 1324 3950 papatu
1336 3888 1357 3929 d.

372 3943 408 3985 26.
423 3943 559 3986 excellencia
574 3944 595 3992 it,
609 3955 672 3986 corr.
683 3955 713 3986 ex
725 3942 917 3986 excellentissima
926 3942 948 3994 d,
965 3941 1165 3994 excellentissima,
1186 3941 1306 3994 dignitatis
1321 3939 1358 4000 dh,

372 3995 485 4090 {lignitate
499 3996 579 4102 cetqri.
646 3994 680 4039 28.
696 3995 766 4050 peciit
780 3996 859 4038 celeri.
931 4005 967 4048 29.
984 3994 1147 4047 reciperent,
1162 3993 1266 4047 accipere
1280 3997 1358 4035 cetert.

386 4060 407 4089 0.
423 4054 494 4090 invite
508 4059 536 4090 ac
550 4059 575 4102 g.

425 4225 450 4274 8.
474 4242 491 4289 4
513 4227 578 4290 Reg.
605 4227 627 4288 5,
651 4241 692 4275 20.
767 4225 804 4275 18.
828 4226 864 4275 lb.
891 4225 913 4289 5,
939 4240 979 4274 22.
1009 4226 1090 4274 Cuius
1114 4226 1173 4287 loci,
1196 4234 1224 4273 ut
1247 4224 1358 4287 videtur,

374 4298 495 4361 corrupti,
508 4311 616 4345 sensum
629 4295 698 4345 hunc
713 4311 770 4345 esse
783 4306 859 4360 puto:
880 4297 1001 4359 Papa...
1015 4296 1108 4344 dicitur
1120 4330 1127 4344 .
1140 4329 1147 4343 .
1161 4329 1168 4343 .
1182 4294 1359 4358 superaddere

373 4366 471 4415 nedum
496 4366 662 4415 mendacium
686 4367 803 4431 simplex,
827 4367 872 4415 sed
891 4365 942 4414 hoc
961 4365 1127 4414 mendacium
1149 4363 1306 4414 blasfemum
1326 4364 1359 4412 de

374 4447 481 4500 papatu:
502 4451 559 4486 esse
578 4436 744 4486 excellentiae
763 4451 855 4500 capere
874 4435 1027 4500 temporalia
1046 4444 1094 4484 etc.
