3104 5168
153 493 206 533 102
700 485 868 534 romnus
887 483 1027 532 wycur
1196 464 1277 547 [CAP-
1292 475 1355 520 vut-

165 662 186 704 lf
198 661 215 703 it
229 661 249 703 is
265 660 336 713 urged
410 651 468 703 Ista
494 646 617 721 quidem
642 656 686 702 est
716 663 807 702 causa
832 644 963 701 maxima
992 654 1098 700 contra
1131 661 1222 717 quam
1257 639 1356 697 fidelis

153 714 237 821 ¹2²1?er
238 711 349 807 ,ehfflf
368 737 455 790 debet
481 732 620 790 militare.
646 735 682 788 Et
707 732 730 787 si
754 731 887 788 obicitur
910 733 992 807 quod
1018 732 1203 787 credendum
1228 742 1272 786 est
1297 729 1356 786 illis

157 817 345 912 aqustssgfflfflvatwi}
367 835 399 878 ut
423 821 601 889 senioribus,
636 819 686 895 qui
711 821 821 875 debent
845 818 1026 894 potestative
1059 820 1207 892 populum
1241 834 1355 890 regere,

148 922 428 1017 qnlywbiletheynon
451 921 553 964 autem
585 907 710 980 privatis
743 906 860 981 pusillis
885 920 913 963 et
937 906 1056 981 ydyotis
1089 904 1139 980 qui
1173 905 1357 978 ignorabant

154 976 184 1017 ¹⁰¹
196 975 350 1068 qtyaqedyay
368 996 528 1069 dignitates
545 1007 573 1050 et
594 996 674 1068 leges
698 994 833 1064 ecclesie,
859 1013 965 1052 omnes
984 994 1088 1050 fideles
1105 995 1215 1050 debent
1232 991 1382 1049 credere5

366 1085 448 1156 quod
472 1082 528 1156 ipsi
553 1084 726 1139 deserentes
749 1081 828 1138 viam
855 1082 971 1138 domini
999 1080 1129 1138 faciliter
1153 1091 1280 1156 possunt
1305 1081 1356 1135 de-

367 1169 465 1239 licere,
500 1171 610 1226 debent
643 1168 767 1243 insuper
801 1168 902 1225 cuncti
932 1169 1036 1225 fideles
1060 1186 1244 1241 cognoscere
1273 1169 1356 1244 quod

365 1269 436 1313 tunc
453 1255 626 1330 symoniace
644 1268 770 1330 peccent
786 1267 943 1331 tamquam
957 1256 1068 1313 summi
1085 1255 1220 1325 heretici,
1232 1255 1356 1330 quando

366 1356 490 1417 propter
514 1334 630 1400 lucrum
656 1344 826 1416 temporale
850 1344 980 1400 exaltant
1003 1343 1124 1417 ydiotas
1153 1361 1230 1417 quos
1258 1361 1357 1418 popu-

365 1432 412 1486 lus
429 1430 519 1486 sentit
535 1449 600 1488 esse
617 1430 738 1504 ignaros
761 1431 808 1486 vel
825 1430 942 1488 desides
959 1431 990 1486 in
1011 1429 1157 1504 regimine
1182 1429 1356 1486 animarum
1371 1441 1402 1474 10

366 1531 394 1573 et
412 1517 505 1574 tercio
523 1520 580 1575 hoc
598 1529 720 1594 experto
738 1519 826 1574 debet
842 1530 925 1576 totus
942 1519 1072 1592 populus
1089 1529 1196 1574 contra
1220 1518 1295 1574 tales
1312 1514 1357 1571 in-

366 1623 496 1678 surgere,
521 1625 625 1680 ymmo
650 1603 771 1677 ipsimet
795 1607 905 1663 debent
922 1606 1077 1680 insurgere
1093 1604 1123 1660 in
1147 1622 1178 1661 se
1202 1604 1294 1677 ipsos.
1319 1605 1357 1658 Et

366 1706 472 1750 notum
499 1706 542 1750 est
567 1691 692 1749 ecclesie
716 1705 744 1747 et
767 1693 867 1766 regnis
892 1693 1004 1762 multis,
1035 1693 1117 1768 quod
1134 1709 1214 1766 papa
1231 1703 1358 1766 propter

366 1782 456 1837 talem
482 1781 703 1855 prefeccionem
729 1779 843 1853 colligit
867 1781 982 1854 primos
1006 1781 1137 1849 fructus3
1177 1792 1283 1835 notum
1313 1789 1357 1834 est

368 1867 409 1923 eis
433 1866 543 1925 iterum
568 1870 649 1942 quod
674 1879 812 1938 pastores
841 1887 916 1942 quos
949 1867 1111 1942 preficiunt
1142 1879 1283 1940 patenter
1307 1860 1401 1920 de-15

158 1962 349 2055 Goauas'fitven
370 1954 473 2010 ficiunt
498 1975 515 2012 a
540 1974 612 2012 cura
635 1952 803 2029 spiritualis
827 1954 992 2029 regiminis.
1027 1956 1098 2010 Ideo
1123 1971 1192 2010 cum
1227 1954 1265 2009 ad
1298 1953 1357 2008 hoc

150 2017 295 2118 misma
309 2015 357 2108 {¹0⁰⁶
370 2043 442 2098 deus
464 2042 546 2100 dedit
571 2041 694 2100 cuilibet
718 2041 888 2098 libertatem
907 2041 1028 2099 arbitrii
1041 2055 1074 2096 ut
1098 2055 1183 2097 curet
1200 2043 1236 2097 de
1254 2038 1357 2096 anima

176 2122 338 2212 cgblriiiuiiir
369 2147 431 2200 sua,
457 2130 542 2187 cuius
565 2128 785 2187 discrecionem
809 2141 931 2205 satrape
954 2131 1117 2186 obscurare
1141 2147 1203 2185 non
1219 2140 1356 2203 possunt,

368 2215 438 2273 licet
461 2218 491 2273 in
515 2230 601 2291 parte
634 2237 694 2291 quo
727 2218 764 2271 ad
798 2230 989 2274 sacramenta
1021 2229 1162 2272 excecant
1195 2215 1356 2290 populum,

367 2303 436 2360 ideo
461 2305 626 2361 secundum
660 2305 831 2361 libertatem
865 2303 983 2360 arbitrii
1016 2316 1085 2378 post
1117 2315 1272 2378 patentem
1302 2316 1402 2357 κιο-20

367 2389 470 2448 ticiam
495 2404 576 2448 totus
600 2394 731 2466 populus
756 2393 844 2448 debet
869 2392 1021 2465 insurgere
1045 2403 1152 2447 contra
1175 2390 1261 2446 tales.
1287 2391 1355 2458 Lex,

367 2477 501 2550 inquam,
526 2479 645 2553 papalis
669 2478 742 2536 dicit
763 2498 771 2534 r
794 2479 953 2552 questione
980 2479 1007 2547 3,
1039 2478 1071 2532 Si
1096 2477 1160 2554 quis
1179 2477 1357 2553 prebendas

367 2577 400 2620 ut
423 2584 494 2639 sepe
518 2565 642 2639 repecii,
667 2568 748 2641 quod
780 2584 871 2622 nemo
896 2568 984 2622 debet
1010 2582 1190 2638 promovere
1217 2563 1264 2620 vel
1287 2583 1357 2637 pro·

368 2653 482 2708 moveri
518 2655 557 2708 ad
596 2653 776 2709 beneficium
809 2654 856 2710 vel
900 2652 1079 2726 dignitatem
1119 2650 1356 2708 ecclesiasticam

368 2753 493 2813 propter
527 2759 635 2796 munus
668 2743 771 2797 datum
806 2754 875 2797 ante
906 2741 953 2797 vel
986 2752 1064 2814 post,
1089 2739 1142 2795 sed
1170 2737 1274 2794 statim
1300 2738 1401 2793 hoc25

369 2826 481 2883 faciens
505 2841 662 2901 tamquam
687 2828 879 2900 symoniacus
903 2840 976 2883 nota
1010 2824 1134 2882 infamie
1158 2825 1358 2898 percellatur;

368 2916 535 2986 percellere
576 2928 676 2970 autem
719 2917 884 2971 secundum
924 2912 1108 2987 gramaticos
1141 2925 1185 2968 est
1218 2911 1359 2969 occidere

156 3055 161 3062 ,
217 3001 302 3096 ῐξῑῑθῗ,
319 3055 339 3097 d,
369 3000 518 3070 abiurare,
553 3001 674 3071 elidere,
699 3015 856 3075 percutere
872 3002 918 3058 vel
942 3013 1111 3073 amputare.
1136 2998 1215 3068 Quia
1235 3011 1268 3055 ut
1285 2998 1359 3055 dicit

155 3066 279 3161 mqppqdleyn
289 3068 355 3148 iue'e
369 3107 448 3162 papa
482 3089 512 3144 in
544 3091 649 3145 eadem
683 3089 758 3163 lege,
793 3109 854 3144 non
887 3091 1027 3145 obstante
1066 3106 1247 3162 quacunque
1287 3105 1359 3143 con-

151 3159 359 3253 Pppp'stppyetqtpr
369 3176 534 3231 suetudine
559 3174 739 3231 beneficium
773 3177 861 3231 debet
887 3175 951 3232 dari
976 3175 1070 3230 libere
1095 3176 1209 3249 absque
1226 3173 1404 3229 diminu-30

155 3224 231 3305 whole
246 3264 353 3306 benefice.
370 3262 465 3332 cione,
505 3263 650 3318 collector
683 3276 783 3318 autern
818 3262 986 3336 primorum
1020 3263 1172 3318 fructuum
1209 3260 1359 3317 moriente

368 3348 562 3405 incumbente
596 3350 695 3423 primo
730 3368 811 3406 anno
850 3363 878 3405 et
903 3361 1054 3424 quotquot
1087 3349 1129 3405 sic
1163 3347 1359 3422 sequentibus

368 3437 550 3510 plusquam
584 3436 726 3492 diminuit
758 3438 889 3493 fructum
923 3435 1061 3492 beneficii
1086 3435 1156 3509 quia
1179 3433 1359 3509 regulariter

369 3524 450 3597 capit
497 3537 605 3591 totum,
652 3524 699 3579 vel
746 3523 837 3596 igitur
884 3535 1005 3598 oportet
1048 3523 1214 3580 hereticare
1260 3523 1358 3595 legem

368 3609 457 3666 istam
482 3612 621 3685 papalem
648 3623 676 3666 et
701 3611 790 3666 fidem
824 3610 973 3685 scripture
1007 3611 1053 3666 vel
1087 3608 1280 3666 concorditer
1315 3608 1402 3664 in-35

421 3824 439 3852 2.
455 3813 550 3855 militari
565 3814 613 3865 cgr'.
673 3824 676 3828 ·
694 3811 712 3854 3.
729 3814 781 3856 deb.
801 3814 852 3865 cele,
872 3814 957 3856 liabent
975 3813 1061 3863 ceteri,·
1084 3813 1113 3855 ib.
1134 3811 1272 3866 potestative
1291 3811 1359 3864 aceh,

369 3877 430 3906 corr.
446 3877 475 3906 ex
490 3871 627 3919 potestatem
643 3866 666 3918 d,
682 3872 820 3919 potestatem
836 3867 915 3908 ceteri.
969 3880 992 3916 4.
1004 3877 1051 3919 pro
1065 3865 1170 3920 ydyotis:
1186 3865 1239 3906 ideo
1253 3864 1305 3906 talis
1319 3876 1360 3913 ειη

369 3918 398 3958 r'b.
414 3917 535 3971 ignorabat
554 3930 587 3959 ce.
668 3918 686 3960 5.
703 3919 757 3959 eccl.
773 3918 816 3971 leg.
835 3919 870 3972 gi.
952 3930 976 3960 u.
995 3917 1073 3959 omnis
1093 3929 1148 3971 pop.
1168 3927 1192 3967 α,
1212 3923 1253 3958 ῐοῐ.
1268 3928 1316 3958 om.
1332 3928 1360 3964 e,-

369 3969 398 4011 ib.
418 3971 474 4011 tales
493 3972 524 4011 al.
544 3983 573 4010 m.
592 3969 612 4010 h.
694 3981 722 4012 12.
743 3982 824 4024 ymmo
838 3994 864 4001 -
879 3970 966 4023 insurg.
987 3971 1017 4012 al.
1037 3982 1065 4010 m.
1086 3981 1116 4019 a,·
1135 3969 1164 4010 ἐὺ.
1186 3980 1210 4010 sc
1229 3969 1288 4022 ipsis
1309 3969 1358 4010 cde.

369 4034 393 4072 14
416 4022 484 4063 talem
499 4023 530 4063 al.
545 4035 573 4063 m.
588 4021 627 4071 ad,
642 4034 685 4063 om.
702 4022 760 4076 bees.
830 4023 905 4073 1216.
927 4030 972 4076 pat.
989 4022 1034 4064 def.
1049 4034 1093 4063 om.
1108 4033 1131 4063 a.
1201 4020 1279 4074 16,17.
1301 4019 1359 4062 deus

370 4074 420 4115 ded.
432 4074 459 4115 ad
471 4075 515 4115 hoc
522 4087 548 4130 g,
558 4074 614 4115 deus
623 4074 651 4116 ad
661 4075 704 4116 hoc
713 4074 765 4116 ded.
775 4076 853 4117 ceteri.
909 4075 977 4128 17,1tl.
991 4075 1069 4116 anima
1077 4073 1126 4116 eius
1134 4069 1179 4127 bes.
1234 4070 1267 4125 23,
1276 4083 1312 4122 24.
1322 4072 1358 4114 vel

369 4127 502 4178 promoveri
517 4127 637 4168 cancellat.
652 4139 692 4177 ce;
707 4128 839 4180 promoveri
856 4127 889 4168 vel
924 4127 1081 4168 romovereh.
1141 4128 1175 4169 ao.
1198 4137 1258 4180 sym.
1273 4125 1308 4166 vel
1324 4125 1359 4166 in·

369 4179 437 4237 famis
446 4176 479 4234 af,
493 4190 555 4219 corr.
567 4179 590 4219 r'n
601 4186 655 4219 nota
665 4180 706 4220 inf.
716 4192 741 4233 g.
792 4190 825 4231 27.
838 4140 928 4234 percell.
940 4179 1033 4233 quidem
1045 4178 1125 4220 ceteri.
1175 4176 1210 4220 28.
1219 4176 1326 4218 abiurare
1335 4175 1358 4229 lt,

369 4232 463 4272 obviare
478 4231 555 4272 ceteri.
609 4228 644 4281 34.
672 4231 776 4273 causavit
790 4239 831 4273 tot.
847 4232 862 4273 ι’.

424 4314 465 4387 22.
483 4340 565 4402 Corp.
577 4339 624 4387 iur.
638 4354 694 4387 can.
708 4340 783 4387 Decr.
796 4355 816 4386 c.
836 4339 877 4400 15;
897 4339 926 4387 C.
944 4355 964 4400 1,
984 4355 1027 4403 qu.
1043 4340 1055 4390 3
1077 4338 1232 4402 (Friedberg
1251 4334 1355 4399 1,418).

371 4423 410 4476 29.
431 4409 494 4457 lbid.
513 4410 540 4456 in
559 4405 618 4458 fine.
690 4410 729 4459 32.
748 4408 905 4457 Incumbeus
924 4409 940 4457 i.
954 4424 977 4457 e.
996 4423 1143 4473 possessor.
