3104 5168
694 493 862 543 Jounnnrs
881 492 1021 543 wrcrir
1145 530 1148 534 .
1220 471 1299 562 [cto.
1314 490 1354 534 rv.

366 666 484 728 oportet
517 654 599 726 quod
632 654 743 709 electus
777 654 959 710 extrinsecus
993 652 1030 709 sit
1069 653 1198 710 maxime
1235 653 1353 710 habilis.

187 753 322 796 'l‘nerittesr
367 745 443 797 Nam
467 741 527 797 sive
551 739 740 812 intrinsecus,
775 741 835 798 sive
859 740 1051 811 extrinsecus,
1086 740 1214 797 maxime
1247 740 1355 797 babilis

150 805 356 901 b⁵e¹¹ssssff¹se¹ffic⁵e
366 828 453 886 debet
481 827 560 902 eligi,
593 827 665 902 quia
693 827 777 884 illum
806 828 880 885 deus
904 827 999 902 magis
1023 826 1162 884 habilitat
1186 840 1214 884 et
1237 829 1355 884 nullum

156 910 458 1016 ρῑγῑὲζῐῦξῧζῗὸῦῑζάᾱϋυπι
483 914 620 972 habilitat
640 934 695 989 pro
718 928 791 971 tunc
812 916 850 971 ad
873 914 947 971 illud
970 913 1120 984 officium;
1145 928 1260 989 quanta
1284 933 1355 988 ergo

163 1017 204 1056 nas
219 1015 346 1075 appointed
365 1003 442 1058 foret
462 1001 654 1076 presumpcio
671 1020 704 1059 ex
720 1001 900 1077 accepcione
916 1021 1044 1078 persone
1060 1004 1096 1059 de
1113 1001 1229 1077 gremio
1246 1001 1380 1075 eligere5

224 1068 280 1110 '¹¹⁰¹'
365 1108 525 1164 personam
549 1109 605 1165 pro
629 1108 770 1147 mensura
793 1089 948 1164 temporis,
972 1108 1028 1164 pro
1047 1108 1108 1163 qua
1132 1102 1179 1146 est·
1198 1088 1354 1146 inhabilis!

365 1180 402 1233 Et
419 1177 442 1233 si
465 1177 635 1251 replicetur,
661 1179 742 1252 quod
766 1177 848 1234 iuxta
872 1179 949 1234 hanc
972 1176 1158 1234 sentenciam
1182 1179 1356 1234 tardaretur

366 1264 477 1321 eleccio
510 1265 549 1322 ad
581 1265 821 1323 destruccionem
855 1264 989 1337 ecclesie,
1025 1263 1135 1321 dicitur
1167 1265 1249 1338 quod
1282 1283 1353 1335 non,

365 1353 416 1408 sed
433 1354 508 1409 bene
525 1352 715 1409 concluditur
730 1353 812 1428 quod
829 1364 1019 1409 cassarentur
1035 1350 1200 1409 elecciones
1222 1352 1354 1407 humane

365 1441 500 1511 subdole,
536 1458 604 1496 cum
637 1458 727 1496 nemo
762 1440 894 1514 eligeret,
927 1438 985 1496 nisi
1014 1440 1137 1496 haberet
1165 1439 1203 1495 ad
1228 1438 1397 1498 hocin-10

365 1526 564 1601 spiracionem
598 1526 656 1598 dei,
690 1526 874 1584 certificatus
906 1527 989 1601 quod
1017 1528 1090 1583 deus
1118 1527 1246 1583 eundem
1272 1525 1355 1600 eligit

366 1627 394 1670 et
412 1626 511 1671 movet
534 1616 695 1671 electorem
720 1616 802 1689 quod
826 1614 925 1688 ipsum
943 1613 1042 1688 eligat.
1068 1614 1157 1684 Quod
1173 1612 1197 1669 si
1214 1613 1354 1685 defuerit,

366 1703 553 1759 consulerem
586 1703 668 1776 quod
704 1703 815 1758 elector
847 1702 1041 1775 supersedeat
1073 1719 1225 1775 occupans
1258 1719 1290 1757 se
1323 1700 1355 1756 in

366 1803 448 1846 certo
473 1789 637 1861 meritorio,
662 1788 816 1846 dimittens
840 1788 1043 1863 periculosum
1061 1787 1247 1861 ambiguum,
1272 1789 1355 1862 quod

365 1876 389 1932 si
413 1876 451 1933 sit
474 1876 676 1934 necessarium
700 1878 738 1933 ad
762 1876 896 1950 regimen
920 1875 1053 1945 ecclesie,
1078 1873 1155 1932 sicut
1172 1888 1242 1931 sunt
1258 1893 1355 1948 pauce
1371 1882 1397 1933 15

365 1965 410 2020 vel
426 1965 506 2020 nulle
523 1963 683 2039 dignitates
699 1963 834 2020 institute
851 1962 1034 2033 humanituS,
1056 1963 1175 2037 pulsent
1191 1964 1281 2018 deum
1300 1981 1355 2037 pro

365 2050 575 2125 inspiracione,
608 2052 655 2108 vel
688 2050 844 2108 certificati
868 2052 905 2107 de
938 2049 1040 2106 multis
1072 2049 1208 2124 personis
1232 2049 1355 2106 mittant

365 2152 476 2194 sortem
501 2140 538 2196 de
561 2157 690 2214 persona
713 2138 755 2194 eis
779 2138 922 2212 ambigua
950 2137 1026 2194 sicut
1054 2137 1190 2193 fecerunt
1214 2137 1354 2210 apostoli.

365 2229 401 2283 Et
430 2239 512 2299 patet
542 2227 623 2300 quod
655 2245 815 2300 peccamus
849 2224 1000 2296 continue,
1034 2223 1106 2299 quia
1138 2224 1286 2298 quamdiu
1311 2224 1355 2279 di-

366 2313 514 2369 mittimus
537 2313 623 2370 nobis
646 2313 759 2369 utilius.
784 2315 853 2370 ldeo
877 2312 950 2369 dicit
973 2314 1078 2368 beatus
1096 2312 1247 2368 Johannes
1271 2314 1356 2386 quod
1369 2335 1399 2369 20

365 2401 389 2456 si
423 2401 586 2458 dixerimus
619 2402 700 2476 quod
734 2414 858 2474 peccata
892 2418 953 2456 non
991 2401 1146 2470 habemus,
1185 2417 1240 2455 nos
1273 2398 1356 2473 ipsos

366 2488 546 2560 seducimus,
581 2502 608 2545 et
632 2488 740 2546 veritas
764 2488 795 2543 in
817 2487 904 2545 nobis
927 2505 988 2542 non
1012 2499 1065 2542 est.
1100 2487 1159 2543 Sed
1183 2485 1280 2559 gravis
1311 2499 1356 2543 est

366 2576 455 2649 culpa
482 2578 626 2649 adoptata
653 2575 684 2630 in
708 2575 785 2632 cecis
818 2573 1018 2631 eleccionibus
1046 2585 1146 2648 preter
1168 2573 1355 2630 necessariis.

366 2667 461 2718 Nemo
490 2663 569 2720 enim
599 2665 686 2719 debet
715 2662 823 2736 eligere
857 2661 955 2717 minus
983 2660 1114 2718 habilem
1148 2661 1186 2716 ad
1219 2660 1355 2717 officium

365 2768 421 2824 pro
458 2763 595 2824 tempore
628 2769 682 2825 pro
715 2770 776 2824 quo
815 2762 857 2806 est
898 2748 996 2805 minus
1029 2747 1147 2819 habilis,
1186 2747 1259 2821 quia
1297 2750 1355 2805 hoc
1368 2754 1398 2804 25

155 2851 246 2912 Friness
263 2852 299 2913 lor
314 2853 351 2895 rue
366 2839 442 2894 foret
488 2838 596 2912 eligere
641 2838 814 2894 inhabilem.
861 2838 898 2892 Et
941 2849 1024 2909 patet
1065 2836 1146 2909 quod
1191 2834 1273 2890 aliud
1311 2847 1356 2892 est

154 2906 519 3010 ⁰⁰52⁸n¹g¹¹10¹⁸bss¹¹⁰hominem
552 2928 649 2983 facere
682 2925 738 2980 sibi
770 2923 919 2998 optimum
953 2942 1008 2996 pro
1040 2935 1112 2979 tunc
1145 2935 1174 2979 et
1206 2921 1288 2978 aliud
1312 2935 1356 2979 est

194 3010 313 3063 regarded.
365 3014 464 3070 facere
488 3013 544 3070 sibi
568 3013 716 3087 optimum
741 3010 926 3085 simpliciter.
948 3013 1165 3066 Verumtamen
1189 3011 1356 3066 coneeden-

367 3102 438 3156 dum
464 3113 516 3172 est,
550 3100 798 3175 predestinatum,
823 3098 900 3154 sicut
924 3097 1022 3154 omnis
1047 3099 1138 3153 homo
1167 3098 1255 3153 debet
1279 3115 1353 3166 esse,

367 3187 507 3244 continue
524 3189 622 3245 facere
639 3207 723 3244 suam
741 3185 969 3257 beatitudinem,
993 3185 1079 3243 etsie
1096 3183 1147 3259 qui
1164 3185 1202 3242 ad
1218 3183 1354 3240 officium
1366 3189 1398 3240 30

367 3275 601 3332 ecclesiasticum
626 3274 781 3349 postponit
804 3292 964 3348 personam
990 3273 1089 3329 minus
1105 3271 1235 3328 habilem
1253 3285 1281 3328 et
1298 3291 1354 3345 pro

366 3375 438 3419 tunc
454 3362 618 3418 inhabilem
639 3362 710 3419 facit
734 3360 790 3417 sibi
814 3364 926 3441 bonum
951 3358 1174 3416 exoneracionis
1192 3371 1220 3416 et
1236 3357 1354 3415 iusticie

367 3450 632 3523 complementum.
659 3453 720 3506 Nec
743 3461 813 3506 sunt
836 3449 910 3505 tales
934 3450 1044 3522 gradus
1061 3447 1091 3503 in
1108 3449 1183 3503 bene
1200 3458 1228 3503 et
1246 3445 1354 3502 melius

367 3535 476 3609 eligere
493 3536 572 3594 idem
590 3537 621 3593 in
636 3555 764 3593 numero
780 3556 835 3610 pro
852 3537 957 3592 eodem
975 3533 1109 3606 instanti,
1127 3547 1155 3591 et
1171 3546 1254 3608 patet
1270 3535 1353 3607 quod

420 3824 434 3854 1.
455 3811 598 3854 extrinsecus
617 3811 677 3867 bcsh,
697 3821 760 3852 corr.
776 3809 799 3851 in
819 3808 911 3851 intrlns.
926 3820 949 3862 α,
970 3807 1061 3851 intrins.
1077 3808 1155 3851 ceteri.
1235 3805 1254 3849 3.
1274 3807 1352 3861 ipsum

367 3865 444 3907 ceteri.
525 3877 545 3918 7.
566 3864 633 3905 istam
649 3870 707 3906 sent.
723 3862 800 3910 ceteri,
815 3862 944 3903 traderetur
958 3861 1036 3903 ceteri.
1113 3873 1135 3915 9.
1156 3866 1302 3902 cessarentur
1317 3862 1353 3911 eli,

368 3918 468 3958 humane
481 3916 513 3958 ol.
529 3929 557 3958 m.
573 3917 595 3957 h.
651 3927 679 3958 12.
695 3915 817 3956 electorem
826 3913 866 3967 fh,
881 3913 1020 3955 eleccionem
1034 3926 1059 3969 g,
1073 3924 1136 3955 corr.
1152 3913 1175 3955 in
1191 3912 1314 3954 electorem
1329 3924 1353 3958 a.

367 3968 502 4010 eleccionem
522 3968 607 4020 ceteri;
628 3975 653 4010 ut
673 3968 751 4022 ipsum
773 3967 858 4015 ceteri;
880 3965 978 4008 defuerit
997 3966 1044 4016 celi,
1068 3977 1131 4007 corr.
1153 3976 1182 4007 ex
1205 3964 1311 4007 deficeret
1330 3965 1353 4014 d,

367 4020 472 4062 deiiceret
487 4021 565 4063 ceteri.
634 4019 662 4073 13,
679 4033 710 4071 14.
726 4020 748 4061 in
764 4025 824 4061 certe
838 4020 861 4059 lt.
936 4031 967 4070 14.
983 4017 1100 4060 meritorie
1115 4018 1155 4071 gh,
1169 4029 1230 4060 corr.
1246 4017 1269 4059 in
1285 4017 1353 4058 meri-

367 4073 427 4115 torio
442 4085 472 4123 a‚·
486 4073 515 4114 ib.
531 4074 601 4128 peric.
617 4074 650 4115 vel
667 4073 730 4114 amb.
751 4071 795 4118 bei,
816 4071 849 4112 vel
871 4072 903 4113 al.
919 4083 947 4112 m.
970 4082 993 4112 α.
1081 4069 1109 4112 15.
1132 4075 1186 4112 sunt
1207 4081 1251 4111 om.
1273 4069 1352 4111 ceteri.

367 4136 402 4166 20.
417 4125 471 4167 Ideo
486 4125 534 4174 cela,
548 4133 569 4168 et
584 4126 637 4168 ideo
653 4125 738 4174 celeri;
751 4124 807 4166 dicit
822 4135 865 4165 om.
881 4124 903 4173 r',·
917 4122 979 4176 quod
995 4134 1040 4164 om.
1055 4122 1133 4165 ceteri.
1200 4133 1230 4164 21.
1251 4121 1353 4163 dicimus

367 4179 453 4227 ceteri‚·
467 4178 495 4220 ie.
512 4186 631 4232 peccatum
647 4178 724 4220 ceteri.
792 4174 824 4218 23.
840 4175 908 4230 culpa
923 4175 951 4216 ad
968 4175 1023 4216 min,
1041 4173 1093 4216 hab.
1109 4180 1184 4268 apost.
1201 4173 1216 4222 i,
1231 4185 1246 4216 a
1260 4173 1291 4216 al.
1308 4185 1354 4223 m.;

367 4229 395 4272 ib.
412 4231 520 4284 adaptata
535 4230 613 4273 ceteri.
687 4241 723 4282 29.
739 4228 833 4270 esseal.
849 4239 877 4270 m.
894 4229 916 4270 Ιι.
991 4225 1026 4269 30.
1042 4233 1103 4268 cont.
1129 4237 1162 4267 uc.
1179 4238 1196 4267 s.
1213 4226 1271 4268 beat.
1287 4225 1352 4277 edelr,

366 4282 410 4324 fac.
426 4283 482 4324 alias
497 4283 555 4325 ferre
570 4283 589 4333 b,
604 4295 647 4325 om.
664 4282 742 4324 ceteri.
801 4280 833 4323 32.
855 4278 1050 4322 exlronoracionis
1064 4279 1085 4320 h.
1144 4277 1179 4329 34.
1199 4277 1261 4320 idem
1276 4290 1321 4321 om.
1336 4278 1352 4321 i.

421 4460 460 4494 το.
482 4446 488 4492 l
508 4444 566 4494 Joh.
584 4461 604 4506 1,
622 4443 647 4493 8.
