3104 5168
166 1343 263 1406 Tomy
278 1343 327 1387 first
349 1394 354 1406 ,

166 1402 234 1459 itui-ts
249 1410 269 1440 ts
284 1397 334 1439 also

198 1462 299 1506 srmony.

155 2217 254 2261 Growm
269 2219 296 2262 ol'
308 2220 345 2262 tlte

213 2271 293 2314 abusc.

690 463 858 511 romulus
878 463 1017 512 vvvcrrr
1220 441 1301 531 [clv.
1318 459 1348 502 v.

361 639 393 682 ut
418 625 597 681 blasfemant
618 622 772 680 Christum
797 636 826 680 et
850 624 1005 697 apostolos
1029 623 1224 697 exemplasse.
1249 622 1351 680 Nichil

361 713 463 786 itaque
487 710 660 768 blasfemius
688 709 747 767 ista
771 709 892 781 ficticia,
921 724 954 767 ut
977 710 1052 768 alias
1080 709 1187 766 diffuse
1215 710 1350 784 exposui.

362 801 449 857 Unde
477 797 596 872 signum
627 814 679 853 sue
711 796 851 854 falsitatis
884 810 938 870 est,
971 799 1054 873 quod
1086 796 1202 872 primos
1234 798 1351 854 fructus

361 886 521 944 vendicant
545 887 582 942 de
610 883 669 941 illis
694 904 769 959 quos
798 898 934 942 recenter
957 898 1149 959 promovent,
1182 898 1211 942 et
1234 903 1289 942 nec
1314 887 1352 942 de

361 972 512 1047 promotis
536 991 553 1028 a
584 972 714 1029 seculari
738 971 873 1043 brachio,
900 990 956 1029 nec
980 974 1017 1028 de
1040 971 1190 1046 promotis
1218 992 1235 1029 a
1263 973 1379 1048 papis5

362 1060 439 1133 aliis,
467 1079 523 1117 nec
548 1062 584 1116 de
608 1058 756 1133 promotis
785 1061 823 1116 ab
848 1058 915 1130 illis,
944 1072 1106 1134 postquam
1134 1059 1228 1116 semel
1252 1060 1353 1117 reddi-

362 1150 471 1204 derunt
495 1147 668 1221 symoniace
693 1159 886 1220 comparata;
911 1160 940 1203 et
963 1159 1066 1203 tamen
1089 1146 1250 1221 utrobique
1274 1147 1353 1204 foret

362 1248 446 1292 tanta
463 1234 589 1292 licencia
607 1234 815 1304 subtrahendi,
831 1236 883 1290 sed
900 1233 1008 1290 timent
1025 1233 1081 1290 sibi
1098 1236 1134 1290 de
1150 1233 1352 1309 percepcione

362 1322 535 1397 symoniace
564 1321 710 1395 sacrilege
743 1333 772 1377 et
804 1323 841 1377 de
873 1320 1045 1378 resistencia
1083 1321 1223 1378 aliorum.
1264 1324 1353 1379 Unde

361 1410 480 1466 videtur
512 1408 664 1466 evidenter
692 1410 773 1483 quod
804 1407 1031 1464 consencientes
1067 1422 1192 1484 propter
1221 1408 1398 1484 acquisi-ro

363 1497 480 1554 cionem
516 1495 654 1553 beneficii
686 1495 729 1552 sic
767 1494 941 1569 symoniace
973 1495 1113 1569 sacrilegi
1150 1509 1219 1552 sunt
1253 1495 1351 1553 eciam

362 1584 529 1659 symoniaci
563 1602 595 1640 ex
624 1601 788 1654 consensu,
822 1581 995 1639 ministrant
1019 1582 1099 1639 enirn
1124 1582 1285 1658 pecuniam
1310 1582 1353 1640 eis

362 1671 507 1745 sacrilege
530 1673 728 1741 subtractam,
753 1669 841 1726 etsie
858 1672 929 1727 dant
955 1670 996 1726 eis
1018 1689 1128 1726 munus
1149 1672 1186 1727 ab
1203 1670 1352 1745 obsequio

362 1758 571 1834 turpissimum
596 1770 720 1832 propter
744 1756 979 1814 ecclesiasticam
1005 1756 1194 1831 dignitatem.
1221 1757 1253 1814 Si
1270 1757 1352 1814 enim

362 1866 468 1903 omnes
500 1844 634 1921 promoti
658 1845 731 1901 illud
755 1843 940 1913 omitterent,
974 1863 1120 1919 suspensa
1149 1845 1225 1901 foret
1253 1843 1285 1901 in
1310 1844 1395 1901 eis15

364 1933 476 1990 heresis
505 1932 680 2008 symoniaca
707 1944 791 1988 tante
819 1932 929 2001 fetens;
962 1929 1037 1987 illud
1066 1944 1167 1988 autem
1200 1931 1353 2006 paulative

363 2020 499 2091 invaluit,
517 2020 588 2095 quia
601 2033 738 2093 tempore
747 2018 893 2075 lobannis
903 2019 981 2074 XXll
991 2017 1092 2093 primo
1107 2018 1229 2076 inventa
1241 2032 1283 2076 est
1295 2018 1353 2076 ista

365 2109 483 2165 cautela
506 2107 638 2181 dyaboli,
662 2119 694 2162 ut
717 2119 820 2163 narrat
842 2104 1008 2162 Cestrensis
1031 2105 1109 2163 libro
1125 2107 1187 2178 Vll,
1212 2125 1278 2181 cap.
1300 2126 1351 2178 40.

365 2196 547 2263 ‘Johannes',
577 2193 685 2268 inquit,
721 2195 808 2248 ‘XXII
842 2206 911 2266 post
944 2193 1132 2250 Clementem
1164 2193 1241 2250 sedit
1265 2193 1352 2251 annis

365 2281 484 2339 circiter
507 2301 556 2354 193
581 2281 629 2337 hic
654 2279 816 2354 septimum
841 2279 953 2336 librum
970 2279 1167 2337 decretalium
1185 2281 1349 2338 innovavit.
1365 2301 1398 2335 20

364 2373 407 2426 Ac
431 2371 502 2425 dum
520 2369 551 2425 in
567 2367 673 2443 primis
696 2366 893 2441 accepciones
913 2367 1058 2424 nimirum
1084 2369 1248 2425 abhorrere
1271 2368 1353 2426 vide-

364 2470 457 2527 retur,
474 2455 650 2529 dampnavit
667 2454 768 2529 primo
785 2455 992 2528 pluralitatem
1009 2454 1238 2527 beneficiorum,
1260 2454 1303 2511 ita
1319 2468 1352 2511 ut

364 2543 455 2600 unico
467 2542 613 2599 beneficio
625 2561 678 2616 per
690 2555 838 2599 rectorem
851 2555 987 2615 accepto,
999 2541 1062 2616 ipse
1073 2561 1153 2616 papa
1164 2542 1352 2617 reliquorum

364 2632 479 2687 fructus
494 2629 672 2688 vacancium
689 2648 743 2702 per
767 2629 883 2703 aliquot
907 2648 1002 2686 annos
1026 2629 1202 2704 optinuerit.
1227 2633 1352 2705 Insuper

364 2731 393 2775 et
409 2717 539 2775 aliorum
557 2716 774 2773 beneficiorum
799 2735 853 2789 per
877 2730 1006 2773 mortem
1032 2736 1084 2774 seu
1108 2707 1350 2791 resignacionem
1364 2721 1397 2771 25

364 2805 541 2863 vacancium
559 2804 615 2861 sibi
632 2803 747 2877 primos
771 2805 885 2859 fructus
903 2804 1076 2877 reservavit,
1093 2803 1135 2862 ita
1152 2806 1234 2879 quod
1251 2818 1352 2861 rector

364 2893 518 2949 institutus
546 2891 734 2948 taracionem
765 2890 902 2947 beneficii
930 2891 976 2946 sui
1004 2910 1039 2948 ac
1063 2891 1216 2949 residuum
1246 2910 1352 2966 accep-

364 2994 449 3037 taret.
490 2982 531 3034 Ex
565 2999 624 3053 quo
652 2977 779 3052 negocio
808 2977 1001 3035 innumerum
1035 2979 1171 3035 thezauri
1205 2982 1242 3036 ad
1273 2997 1352 3054 pape

365 3087 517 3124 cameram
536 3067 741 3124 devenerunt'.
767 3068 805 3121 Et
828 3067 919 3122 credo
936 3069 1018 3140 quod
1039 3085 1102 3123 non
1118 3079 1188 3123 ante
1204 3066 1260 3122 fuit
1276 3065 1351 3122 illud

366 3156 402 3211 ab
435 3154 537 3229 aliquo
572 3173 651 3228 papa
690 3153 899 3228 practisatum.
940 3155 999 3210 Sed
1037 3172 1091 3227 per
1123 3167 1192 3210 ante
1232 3172 1298 3228 cap.
1335 3154 1397 3210 530

365 3241 499 3298 eiusdem
524 3242 592 3297 libri
616 3240 736 3315 legitur,
761 3243 916 3316 quomodo
940 3254 1063 3298 sanctus
1088 3240 1244 3298 Lodwicus
1268 3260 1352 3298 com-

416 3456 437 3502 4.
454 3451 476 3486 et
491 3455 536 3485 uon
551 3444 573 3485 lt.
627 3444 647 3493 5,
663 3444 684 3487 o.
705 3444 798 3498 populls
817 3444 869 3487 aliis
890 3444 910 3496 b,
932 3444 1038 3506 personis
1053 3444 1104 3487 aliis
1124 3445 1159 3497 cd,
1180 3453 1246 3498 appre
1261 3443 1313 3486 aliis
1325 3443 1352 3505 s.

365 3497 386 3537 o.
403 3496 470 3537 simul
483 3507 529 3548 pro
545 3496 614 3538 semel
630 3496 714 3552 bcefg,·
728 3495 846 3538 redderint
860 3500 933 3540 cetera
1009 3509 1029 3549 7.
1045 3503 1207 3551 comparatum
1223 3495 1309 3547 ceteri;
1322 3495 1352 3537 rb.

365 3547 496 3601 uterquelt⁴
551 3547 572 3590 8.
592 3547 678 3590 timens
692 3549 708 3602 ι’,
723 3549 875 3642 precepcione
889 3549 911 3590 lt.
966 3560 987 3601 9.
1009 3549 1353 3603 smoniacebcesolasymo·

365 3599 402 3641 nie
420 3599 505 3650 ceteri;
523 3600 634 3654 sacrilega
653 3600 695 3643 adi
714 3603 770 3654 (ega
790 3613 813 3642 m
833 3613 881 3643 ras.
901 3604 933 3652 a),
960 3561 1041 3644 sacriiie
1058 3600 1079 3643 ia
1091 3601 1136 3656 sg.
1204 3613 1235 3643 10.
1257 3607 1353 3656 propter

365 3651 396 3693 al.
411 3664 439 3693 m.
454 3652 476 3698 lt.
540 3664 566 3695 11.
582 3665 622 3694 sue
637 3652 744 3708 symonie
758 3653 797 3702 dlz,
813 3653 855 3695 site
870 3653 977 3707 symonia
991 3654 1013 3704 i,·
1031 3613 1060 3696 ii.
1076 3661 1098 3696 et
1105 3665 1155 3713 pro
1170 3653 1242 3696 eciam
1258 3652 1351 3713 abcqu.

365 3715 394 3745 12.
411 3703 558 3746 ministrante
572 3704 638 3760 bdfg,
654 3717 716 3747 corr.
732 3705 755 3747 t'n
771 3705 904 3747 ministrant
917 3718 939 3746 a.
995 3704 1024 3749 15.
1039 3712 1197 3748 ammttterent
1211 3717 1230 3753 c,
1245 3705 1353 3747 obmitte-

366 3762 416 3798 rent
430 3757 509 3808 ceterr,
525 3763 549 3798 ut
563 3768 602 3798 sus
622 3768 677 3798 ensa
691 3757 722 3798 ai.
779 3769 808 3810 17.
824 3757 869 3799 ista
879 3769 922 3799 om.
934 3758 949 3800 τ’.
1003 3769 1038 3800 20.
1055 3770 1078 3812 19
1093 3759 1115 3809 h,
1132 3760 1153 3811 (9
1165 3757 1188 3799 in
1199 3759 1265 3809 ras).
1282 3768 1303 3798 12
1317 3769 1353 3799 ce-

365 3808 417 3850 teri.
471 3821 506 3850 20.
522 3809 592 3851 alium
606 3770 744 3868 iibrumsg
761 3821 824 3851 corr.
840 3810 863 3851 in
878 3811 921 3851 b¹¹¹¹¹
937 3810 958 3856 d,
973 3810 986 3851 6
1002 3809 1025 3852 in
1040 3821 1089 3852 ras.
1105 3823 1132 3859 e;
1151 3809 1179 3850 ib.
1194 3809 1316 3851 innovavit
1330 3810 1351 3853 lt.

365 3871 428 3902 corr.
440 3861 462 3902 in
473 3860 574 3903 innotuit
583 3860 606 3915 d,
621 3862 722 3904 innotuit
733 3863 813 3903 ceteri.
868 3873 897 3903 21.
914 3861 1013 3904 nimium
1023 3862 1102 3923 trasgr,
1119 3861 1243 3903 minimum
1254 3872 1317 3902 corr.
1329 3861 1352 3902 r'n

366 3912 476 3954 nimirum
491 3925 513 3955 a.
568 3925 600 3955 22.
617 3913 771 3966 pluralitatem
782 3913 833 3968 risit,
850 3913 983 3968 pluritatem
994 3920 1065 3957 cetera
1119 3911 1151 3955 23.
1167 3912 1236 3955 unico
1251 3924 1314 3955 corr.
1325 3924 1354 3954 ex

365 3970 448 4007 cuncto
459 3977 482 4017 a,
498 3970 582 4007 cuncto
592 3965 656 4021 bcfg‚
672 3966 740 4007 unico
751 3966 781 4007 al.
793 3978 821 4007 m.
834 3978 853 4008 e.
909 3977 944 4018 24.
961 3965 1052 4020 aliquos
1062 3965 1142 4015 ceteri,
1157 3964 1259 4007 obtinuit
1273 3965 1352 4006 ceteri.

365 4017 397 4076 25.
413 4016 565 4076 afflictionem
577 4029 625 4071 pro
640 4030 683 4059 res.
694 4017 761 4072 bdfg.
777 4030 840 4060 corr.
852 4018 875 4060 in
891 4030 935 4060 res.
950 4029 973 4071 a,
990 4018 1155 4071 perincertum
1171 4017 1234 4059 sedis
1248 4016 1353 4070 assigna·

366 4080 456 4110 cionem
472 4080 607 4111 vacancium
623 4081 654 4111 ce.
708 4081 742 4124 27.
758 4077 855 4113 autres.
871 4071 949 4112 ceteri.

421 4192 459 4242 18.
479 4193 518 4242 Cf.
539 4195 571 4242 de
591 4196 735 4244 Cestrensis
755 4195 958 4260 Polychronico,
978 4210 1038 4259 pag.
1059 4192 1158 4257 33,18;
1177 4194 1236 4243 loco
1255 4193 1354 4242 ibidem

367 4264 444 4312 citato
474 4273 491 4312 t.
522 4262 547 4326 8,
580 4263 639 4315 306.
676 4265 745 4328 (Lib.
770 4266 825 4325 Vll,
858 4281 914 4329 cap.
944 4267 990 4328 42)
1021 4264 1086 4314 haec
1117 4265 1235 4313 invenies
1264 4263 1354 4313 verba.

368 4335 408 4384 30.
435 4332 475 4382 Cf.
494 4349 552 4398 pag.
574 4335 614 4395 33,
632 4332 669 4382 18.
699 4335 715 4382 l.
739 4351 761 4383 c.
785 4345 802 4383 t.
822 4334 846 4397 8,
866 4333 890 4384 o.
915 4334 984 4399 (Lib.
999 4335 1052 4395 vll,
1077 4349 1133 4397 cap.
1157 4333 1267 4400 19.).lbi
1289 4348 1353 4382 vero

368 4403 399 4451 de
420 4403 558 4452 Ludovico
571 4405 615 4453 Vll
636 4405 728 4468 agitur.
