3104 5168
149 496 195 567 90'
691 504 861 557 romnus
878 499 1020 556 wycam
1205 483 1360 573 [car.vrr.·

173 679 213 722 111.
229 679 328 739 srmony
364 666 540 741 symoniaca
568 664 784 740 appropriacio
809 684 842 722 ex
867 659 1080 722 comutacione
1103 664 1209 722 illicita
1233 678 1353 738 tempo-

152 731 355 841 fylleffaffilgss'y
365 755 435 812 ralis
460 752 592 816 muneris
608 766 734 828 propter
751 753 850 822 illam3
874 766 960 809 taceo
977 765 1078 808 autem
1097 765 1245 827 quantum
1263 754 1354 809 datur

170 836 327 931 istgfssffigllgd
364 841 466 916 gracia
494 840 757 915 appropriacionis
789 859 844 914 pro
878 838 1064 914 acquirendo
1093 853 1268 914 patronatu,
1297 858 1354 914 pro

157 940 347 1001 appropriations
365 930 505 985 habenda
528 948 545 985 a
569 946 639 1001 rege
661 927 789 984 licencia
813 928 850 983 ad
872 927 1133 1001 appropriandam
1158 941 1186 984 et
1203 946 1258 1002 pro
1281 928 1358 983 data

149 993 350 1088 ,ffllssllsssffl
366 1015 512 1091 peccunia
536 1014 816 1089 appropriantibus.
853 1017 913 1071 Nec
937 1014 1037 1085 refert,
1062 1014 1124 1071 sive
1148 1014 1221 1070 illud
1246 1015 1379 1070 datum5

149 1097 355 1204 sessgssyffgfflr
366 1103 404 1159 sit
428 1102 530 1177 capiti,
560 1102 621 1158 sive
646 1101 744 1158 medie
767 1119 896 1175 persone
920 1101 1107 1176 procuranti,
1132 1101 1192 1158 sive
1221 1100 1352 1159 nunccio

366 1209 421 1264 pro
441 1190 493 1246 illo
510 1189 644 1246 facinore
661 1188 823 1247 laboranti.
849 1191 925 1246 Nam
951 1189 1062 1254 infecta
1086 1188 1225 1245 mendaci
1250 1187 1353 1244 radice

365 1291 462 1334 totum
488 1281 726 1334 consentaneum
751 1276 961 1333 concomitans
986 1289 1030 1333 est
1048 1276 1209 1345 infectum;
1233 1288 1266 1331 ut
1283 1294 1352 1332 curn

311 1396 313 1401 <
364 1377 543 1439 patronatus
567 1362 750 1439 preexigitur
775 1382 843 1419 curn
868 1363 1086 1420 communitate
1111 1362 1158 1421 cui
1181 1362 1245 1418 fieri
1263 1364 1353 1419 debet

365 1450 591 1526 appropriaci0,
620 1451 738 1506 videtur
762 1453 844 1525 quod
874 1450 1033 1526 acquirens
1062 1448 1350 1524 appropriacionem
1368 1469 1399 1502 ro

365 1538 467 1613 gracia
496 1537 564 1595 talis
594 1536 661 1594 finis
693 1537 730 1594 sit
763 1538 965 1611 symoniacus,
999 1537 1070 1612 quia
1103 1550 1228 1612 propter
1260 1537 1352 1592 finem

365 1626 433 1683 talis
445 1623 708 1700 appropriacionis
724 1624 935 1699 principaliter
951 1638 1038 1699 parat
1056 1625 1156 1682 media
1173 1637 1360 1698 sumptuosa¹

366 1728 394 1770 et
427 1732 481 1787 per
514 1731 701 1787 consequens
729 1711 903 1770 inordinate
936 1711 1009 1769 emit
1041 1710 1132 1768 finem
1166 1712 1263 1768 illum.
1303 1711 1358 1766 Sic-

366 1800 446 1857 enim
470 1799 543 1856 emit
566 1799 633 1874 quis
658 1817 783 1872 regnum
809 1789 943 1856 celorum
973 1799 1156 1870 inordinate,
1186 1801 1258 1854 durn
1288 1797 1353 1854 sine

365 1889 433 1944 oleo
466 1886 640 1944 devocionis
676 1886 747 1943 facit
785 1885 887 1959 gracia
926 1886 1014 1942 huius
1050 1906 1129 1960 opus
1167 1888 1280 1943 bonum
1315 1886 1352 1941 de
1367 1887 1400 1939 1'5·

365 1991 484 2049 genere,
508 1988 541 2030 ut
565 1987 648 2048 patet
672 1975 766 2030 Math.
787 1976 816 2044 6,
842 1987 870 2030 et
894 1973 1003 2030 iterum
1028 1991 1159 2048 persona
1183 1972 1353 2030 communi·

282 2075 285 2080 “
365 2063 436 2119 tatis
470 2064 521 2118 dat
553 2060 609 2117 sibi
642 2060 833 2134 ipsiprimo
866 2062 957 2118 talem
991 2060 1161 2132 ecclesiam,
1194 2061 1276 2135 quod
1309 2071 1355 2125 est

366 2162 506 2223 suspecta
530 2148 676 2223 symonia.
704 2148 787 2205 Licet
812 2147 891 2204 enim
918 2167 1047 2222 persona
1070 2161 1232 2223 aggregata
1252 2158 1359 2221 posset¹

199 2252 200 2265 ¹
241 2257 248 2264 ·’
314 2294 316 2298 Α
366 2235 534 2311 presentari
558 2235 638 2310 parri
661 2253 714 2291 sue
738 2237 805 2308 plus
829 2235 921 2291 habili
946 2235 1187 2292 adbenelicium
1207 2235 1292 2292 cuius
1307 2247 1358 2290 est

322 2344 324 2346 ’
366 2337 522 2398 patronus,
546 2342 617 2397 ymo
634 2341 764 2396 persona
781 2322 907 2396 simplex
924 2337 1025 2396 posset
1042 2322 1073 2378 in
1090 2342 1162 2379 casu
1178 2335 1352 2396 presentare
1364 2339 1404 2374 zor

366 2425 397 2467 s'e
421 2411 518 2485 ipsam
548 2410 692 2485 episcopo
721 2411 759 2466 ad
788 2409 979 2480 beneficium,
1009 2410 1094 2466 cuius
1123 2422 1167 2466 est
1195 2423 1352 2483 patronus,

367 2498 397 2553 in
421 2516 493 2554 casu
517 2517 577 2572 quo
598 2497 687 2553 fuerit
704 2496 781 2553 inter
797 2516 904 2553 omnes
921 2499 987 2570 plus
1004 2497 1127 2554 habilis:
1152 2510 1254 2554 tamen
1270 2497 1353 2570 quod

367 2586 472 2641 eadem
502 2603 632 2659 persona
660 2599 802 2658 agregata
826 2597 973 2658 perpetuo
1002 2583 1172 2641 successiva
1200 2595 1354 2657 presentet

367 2691 397 2729 se
422 2672 518 2745 ipsam
543 2675 581 2729 ad
606 2672 785 2728 beneficium
811 2671 979 2745 proprium,
1007 2672 1126 2728 videtur
1154 2690 1217 2728 esse
1245 2671 1354 2727 iracio-

366 2760 479 2828 nabile,
502 2758 658 2832 potissime
682 2759 753 2834 quia
777 2772 839 2830 tam
865 2759 982 2815 diutina
1010 2773 1039 2815 et
1067 2772 1208 2816 constans
1236 2757 1402 2815 colacioai:

367 2846 494 2920 requirit
518 2865 658 2920 magnam
685 2860 713 2903 et
736 2846 824 2920 plene
848 2848 1027 2921 prudentem
1052 2846 1197 2903 noticiam
1227 2847 1264 2902 de
1286 2864 1354 2919 per-

367 2953 441 2990 sona
465 2953 523 3009 que
547 2935 589 2991 sic
614 2934 717 2990 debuit
746 2934 923 3007 presentari,
952 2936 1004 2989 sed
1033 2952 1089 2989 nec
1113 2933 1273 3008 episcopus
1298 2951 1355 2988 nec

367 3021 433 3095 ipsa
467 3020 670 3079 communitas
703 3021 759 3076 scit
791 3022 838 3077 vel
870 3020 970 3094 topice
1004 3021 1192 3077 habilitatem
1225 3037 1354 3094 persone

367 3122 527 3183 aggregare
556 3111 752 3183 postmodum
781 3127 966 3179 successure,
1000 3109 1051 3164 sed
1081 3127 1136 3164 nec
1165 3107 1356 3164 habilitatem

367 3196 504 3252 omnium
522 3197 728 3252 membrorum
747 3214 875 3269 persone
893 3209 1052 3269 aggregate
1069 3195 1100 3251 in
1117 3193 1353 3269 presenciarum,
1366 3198 1401 3249 30.

368 3283 439 3357 quia
478 3303 548 3357 sepe
587 3283 617 3339 in
656 3283 765 3339 talibus
805 3283 1002 3340 conventibus
1041 3284 1114 3339 latet
1145 3283 1247 3339 ludas
1291 3283 1355 3336 Nee

367 3370 492 3426 dubium
523 3370 596 3445 quin
627 3372 719 3427 bomo
752 3390 813 3427 non
846 3372 935 3427 debet
965 3369 1151 3426 auctorisare
1179 3369 1225 3425 vel
1253 3368 1356 3425 fovere

420 3620 436 3650 r.
452 3620 518 3662 appr,
534 3620 593 3664 sym.
608 3620 656 3664 ag:
669 3608 699 3650 ib.
714 3621 741 3649 ex
756 3606 972 3649 communicacione
986 3606 1019 3649 di.
1078 3606 1099 3649 6.
1116 3619 1177 3661 pers.
1193 3605 1254 3648 med.
1269 3605 1355 3656 (κίονί,-
1377 3634 1380 3638 ·

368 3659 396 3702 r'b.
413 3661 461 3703 sive
477 3661 607 3703 necessario
622 3673 664 3714 ag.
726 3673 746 3721 y.
762 3661 807 3702 isto
823 3661 901 3702 ceteri.
965 3658 985 3702 8.
1002 3658 1114 3701 iniustum
1129 3658 1176 3720 bqr}
1190 3659 1223 3700 al.
1238 3670 1267 3700 m.
1282 3657 1355 3700 iniec·

368 3721 417 3755 tum
432 3715 478 3761 ad:
492 3712 520 3756 r'b.
536 3720 558 3755 et
572 3713 630 3768 bees,
645 3724 708 3754 corr.
723 3725 746 3756 tn
762 3720 785 3755 ut
799 3713 822 3754 d.
877 3723 899 3765 9.
914 3712 936 3754 in
949 3722 996 3766 pro
1011 3724 1064 3754 curn
1079 3715 1166 3762 σείσω
1179 3712 1209 3752 ih.
1224 3711 1357 3753 communi·

368 3766 414 3807 tare
436 3767 485 3813 celi,
511 3769 573 3808 eor'r.
597 3778 626 3808 ex
649 3765 774 3807 comitante
797 3766 821 3815 d,
845 3765 970 3807 comitante
993 3765 1080 3813 ceterr';
1107 3764 1136 3806 ib.
1161 3763 1213 3805 deb.
1237 3763 1285 3805 fleri
1313 3774 1354 3818 ag.

370 3831 400 3860 ro.
418 3826 478 3872 patet
495 3818 558 3871 quod
573 3819 588 3860 i.
631 3831 663 3870 ¹4·
678 3817 734 3859 emit
745 3823 800 3872 pos!
814 3818 917 3858 celorum
932 3816 1012 3859 ceteri.
1054 3815 1163 3858 16.itar'.
1205 3814 1355 3868 16‚17.c0m·

369 3872 489 3913 nrunitatis
504 3872 553 3920 beli,
573 3869 713 3921 comutapris
732 3881 753 3917 α,
773 3870 805 3911 al.
819 3882 849 3911 m.
868 3870 891 3911 in
906 3873 970 3911 textu
985 3880 1038 3917 om,
1057 3866 1234 3910 communicans
1248 3879 1274 3923 g.
1292 3878 1355 3924 qom-

369 3923 510 3965 municantis
525 3923 603 3964 cereri.
651 3935 680 3975 17·
697 3922 741 3976 ipsi
757 3922 801 3963 sibi
817 3921 840 3969 lt,
855 3921 899 3964 sibi
914 3933 977 3963 corr.
994 3923 1017 3962 in
1033 3921 1120 3962 scilicet
1133 3933 1157 3977 g.
1201 3921 1232 3962 18.
1248 3918 1357 3975 symonia

368 3987 425 4018 corr
444 3988 472 4017 ex
482 3976 578 4017 ecclesia
588 3987 629 4028 ag.
673 3985 704 4027 19.
720 3975 747 4016 ad
763 3986 808 4016 om.
824 3976 846 4016 lt.
888 3985 922 4016 20.
940 3980 1052 4028 patronus
1063 3973 1111 4017 celi.
1128 3978 1265 4026 patronatus
1275 3972 1355 4018 ceteri.

369 4041 403 4078 20,
419 4039 448 4071 ει.
469 4040 524 4082 )ἠ]ο
539 4051 564 4057 -
580 4033 638 4080 patr.
655 4027 677 4069 in
693 4038 769 4080 marg.
786 4038 807 4068 a.
890 4037 919 4068 21.
940 4033 1053 4079 patronus
1069 4037 1101 4075 ce,
1123 4031 1260 4078 patronatus
1276 4023 1354 4066 ceteri.

369 4091 401 4121 22.
417 4091 499 4121 omnes
514 4080 545 4122 al.
562 4092 589 4120 m.
606 4079 635 4128 h;
655 4079 684 4120 ib.
701 4080 753 4132 plus
769 4077 864 4121 bumilIs
879 4091 921 4132 ag.
990 4076 1022 4120 23.
1039 4084 1149 4131 perpetue
1164 4089 1205 4132 ag,
1222 4075 1354 4119 successiva

368 4132 420 4180 deli,
435 4132 565 4174 successive
580 4144 619 4187 ag,
636 4131 768 4173 successi-vo
783 4131 859 4172 ceteri.
901 4130 934 4174 25.
950 4130 1037 4172 diutiva
1051 4141 1071 4179 e,
1087 4130 1123 4171 iva
1138 4130 1161 4171 in
1177 4141 1225 4172 ras.
1241 4128 1264 4179 lt,
1280 4127 1355 4170 dorni·

369 4185 420 4226 nica
435 4196 453 4232 c,
469 4184 578 4226 diuturna
592 4184 678 4233 ceteri;
698 4184 726 4225 ib.
742 4191 763 4225 et
778 4195 823 4225 om.
839 4195 879 4239 ag.
943 4183 977 4225 28.
994 4182 1038 4224 scit
1052 4193 1096 4224 om.
1104 4182 1131 4235 f,
1150 4181 1227 4235 topice
1242 4182 1273 4223 al.
1289 4192 1317 4222 m.
1332 4191 1356 4228 a,

369 4248 413 4278 om.
428 4236 499 4330 issi
517 4247 577 4278 com.
593 4237 627 4277 vel
643 4237 763 4289 cognoscit
771 4235 796 4289 f,
817 4236 859 4277 scit
873 4236 907 4277 vel
923 4241 972 4288 top.
988 4234 1108 4288 cognoscit
1123 4234 1196 4276 ceteri
1209 4235 1285 4287 (cogn.
1300 4244 1355 4275 can·

369 4289 414 4331 cell
450 4293 466 4341 ).
496 4286 556 4345 ⁸30.
572 4288 595 4329 in
611 4287 713 4330 futurum
729 4288 780 4344 bfg,
794 4299 857 4329 corr.
873 4288 896 4329 in
912 4288 934 4329 in
951 4299 1011 4341 pres.
1027 4286 1067 4328 ad.

426 4447 463 4499 16.
484 4449 563 4498 Math.
582 4448 606 4511 6,
631 4466 637 4498 r
661 4465 736 4515 seqq.
