<?xml version="1.0" encoding="UTF-8"?>
<!DOCTYPE html PUBLIC "-//W3C//DTD XHTML 1.0 Transitional//EN"
    "http://www.w3.org/TR/xhtml1/DTD/xhtml1-transitional.dtd">
<html xmlns="http://www.w3.org/1999/xhtml" xml:lang="en" lang="en">
 <head>
  <title>
</title>
<meta http-equiv="Content-Type" content="text/html;charset=utf-8" />
  <meta name='ocr-system' content='tesseract 3.04.00' />
  <meta name='ocr-capabilities' content='ocr_page ocr_carea ocr_par ocr_line ocrx_word'/>
</head>
<body>
  <div class='ocr_page' id='page_1' title='image "./iohanniswyclift00dziegoog_0092.png"; bbox 0 0 3104 5168; ppageno 0'>
   <div class='ocr_carea' id='block_1_1' title="bbox 692 445 1352 536">
    <p class='ocr_par' dir='ltr' id='par_1_1' title="bbox 692 445 1352 536">
     <span class='ocr_line' id='line_1_1' title="bbox 692 445 1352 536; baseline -0.021 -15"><span class='ocrx_word' id='word_1_1' title='bbox 692 469 861 521; x_wconf 70' lang='lat' dir='ltr'><strong>muamus</strong></span> <span class='ocrx_word' id='word_1_2' title='bbox 878 467 1019 519; x_wconf 78' lang='lat' dir='ltr'><strong>wvcur</strong></span> <span class='ocrx_word' id='word_1_3' title='bbox 1220 445 1301 536; x_wconf 67' lang='lat' dir='ltr'><strong>[cnr.</strong></span> <span class='ocrx_word' id='word_1_4' title='bbox 1310 463 1352 509; x_wconf 93' lang='lat' dir='ltr'><strong>1v.</strong></span> 
     </span>
    </p>
   </div>
   <div class='ocr_carea' id='block_1_2' title="bbox 148 627 1398 3492">
    <p class='ocr_par' dir='ltr' id='par_1_2' title="bbox 148 627 1398 3492">
     <span class='ocr_line' id='line_1_2' title="bbox 366 627 1353 703; baseline -0.002 -16"><span class='ocrx_word' id='word_1_5' title='bbox 366 627 499 700; x_wconf 86' lang='lat' dir='ltr'><strong>ecclesie,</strong></span> <span class='ocrx_word' id='word_1_6' title='bbox 524 630 575 686; x_wconf 92' lang='lat' dir='ltr'><strong>sed</strong></span> <span class='ocrx_word' id='word_1_7' title='bbox 591 641 725 686; x_wconf 90' lang='lat' dir='ltr'><strong>statuens</strong></span> <span class='ocrx_word' id='word_1_8' title='bbox 741 630 821 703; x_wconf 91' lang='lat' dir='ltr'><strong>leges</strong></span> <span class='ocrx_word' id='word_1_9' title='bbox 837 628 1039 703; x_wconf 87' lang='lat' dir='ltr'><strong>prefectorum</strong></span> <span class='ocrx_word' id='word_1_10' title='bbox 1057 627 1224 686; x_wconf 89' lang='lat' dir='ltr'><strong>contrarias</strong></span> <span class='ocrx_word' id='word_1_11' title='bbox 1247 629 1353 686; x_wconf 95' lang='lat' dir='ltr'><strong>volun-</strong></span> 
     </span>
     <span class='ocr_line' id='line_1_3' title="bbox 364 715 1353 791; baseline -0.001 -18"><span class='ocrx_word' id='word_1_12' title='bbox 364 717 418 774; x_wconf 91' lang='lat' dir='ltr'><strong>tati</strong></span> <span class='ocrx_word' id='word_1_13' title='bbox 435 715 543 788; x_wconf 88' lang='lat' dir='ltr'><strong>divine,</strong></span> <span class='ocrx_word' id='word_1_14' title='bbox 567 717 656 774; x_wconf 92' lang='lat' dir='ltr'><strong>stulte</strong></span> <span class='ocrx_word' id='word_1_15' title='bbox 672 716 744 790; x_wconf 89' lang='lat' dir='ltr'><strong>agit,</strong></span> <span class='ocrx_word' id='word_1_16' title='bbox 768 735 837 773; x_wconf 91' lang='lat' dir='ltr'><strong>cum</strong></span> <span class='ocrx_word' id='word_1_17' title='bbox 862 715 988 773; x_wconf 88' lang='lat' dir='ltr'><strong>faciliter</strong></span> <span class='ocrx_word' id='word_1_18' title='bbox 1009 728 1109 791; x_wconf 91' lang='lat' dir='ltr'><strong>posset</strong></span> <span class='ocrx_word' id='word_1_19' title='bbox 1126 715 1282 773; x_wconf 86' lang='lat' dir='ltr'><strong>exonerari</strong></span> <span class='ocrx_word' id='word_1_20' title='bbox 1298 735 1353 791; x_wconf 88' lang='lat' dir='ltr'><strong>per</strong></span> 
     </span>
     <span class='ocr_line' id='line_1_4' title="bbox 365 803 1351 878; baseline -0.001 -16"><span class='ocrx_word' id='word_1_21' title='bbox 365 804 529 862; x_wconf 90' lang='lat' dir='ltr'><strong>elecciones</strong></span> <span class='ocrx_word' id='word_1_22' title='bbox 553 805 590 860; x_wconf 91' lang='lat' dir='ltr'><strong>de</strong></span> <span class='ocrx_word' id='word_1_23' title='bbox 613 803 678 861; x_wconf 91' lang='lat' dir='ltr'><strong>iure</strong></span> <span class='ocrx_word' id='word_1_24' title='bbox 701 803 855 861; x_wconf 91' lang='lat' dir='ltr'><strong>communi</strong></span> <span class='ocrx_word' id='word_1_25' title='bbox 880 803 1009 874; x_wconf 90' lang='lat' dir='ltr'><strong>validas;</strong></span> <span class='ocrx_word' id='word_1_26' title='bbox 1033 822 1088 861; x_wconf 91' lang='lat' dir='ltr'><strong>nec</strong></span> <span class='ocrx_word' id='word_1_27' title='bbox 1105 803 1279 878; x_wconf 89' lang='lat' dir='ltr'><strong>fingendum</strong></span> <span class='ocrx_word' id='word_1_28' title='bbox 1297 817 1351 876; x_wconf 89' lang='lat' dir='ltr'><strong>est,</strong></span> 
     </span>
     <span class='ocr_line' id='line_1_5' title="bbox 365 889 1350 965; baseline 0 -19"><span class='ocrx_word' id='word_1_29' title='bbox 365 891 437 965; x_wconf 90' lang='lat' dir='ltr'><strong>quin</strong></span> <span class='ocrx_word' id='word_1_30' title='bbox 455 892 547 947; x_wconf 91' lang='lat' dir='ltr'><strong>homo</strong></span> <span class='ocrx_word' id='word_1_31' title='bbox 565 891 676 948; x_wconf 89' lang='lat' dir='ltr'><strong>habens</strong></span> <span class='ocrx_word' id='word_1_32' title='bbox 693 890 724 946; x_wconf 92' lang='lat' dir='ltr'><strong>in</strong></span> <span class='ocrx_word' id='word_1_33' title='bbox 740 890 878 947; x_wconf 92' lang='lat' dir='ltr'><strong>libertate</strong></span> <span class='ocrx_word' id='word_1_34' title='bbox 894 889 1010 947; x_wconf 89' lang='lat' dir='ltr'><strong>arbitrii</strong></span> <span class='ocrx_word' id='word_1_35' title='bbox 1027 891 1073 947; x_wconf 93' lang='lat' dir='ltr'><strong>vel</strong></span> <span class='ocrx_word' id='word_1_36' title='bbox 1088 890 1169 948; x_wconf 91' lang='lat' dir='ltr'><strong>viare</strong></span> <span class='ocrx_word' id='word_1_37' title='bbox 1185 910 1238 965; x_wconf 90' lang='lat' dir='ltr'><strong>per</strong></span> <span class='ocrx_word' id='word_1_38' title='bbox 1262 891 1350 948; x_wconf 89' lang='lat' dir='ltr'><strong>istam</strong></span> 
     </span>
     <span class='ocr_line' id='line_1_6' title="bbox 364 978 1377 1052; baseline -0.002 -17"><span class='ocrx_word' id='word_1_39' title='bbox 364 979 441 1035; x_wconf 93' lang='lat' dir='ltr'><strong>viam</strong></span> <span class='ocrx_word' id='word_1_40' title='bbox 476 978 649 1051; x_wconf 82' lang='lat' dir='ltr'><strong>ambiguam</strong></span> <span class='ocrx_word' id='word_1_41' title='bbox 683 991 734 1034; x_wconf 90' lang='lat' dir='ltr'><strong>aut</strong></span> <span class='ocrx_word' id='word_1_42' title='bbox 767 978 869 1052; x_wconf 90' lang='lat' dir='ltr'><strong>patule</strong></span> <span class='ocrx_word' id='word_1_43' title='bbox 903 978 1023 1048; x_wconf 90' lang='lat' dir='ltr'><strong>malam,</strong></span> <span class='ocrx_word' id='word_1_44' title='bbox 1063 979 1109 1035; x_wconf 93' lang='lat' dir='ltr'><strong>vel</strong></span> <span class='ocrx_word' id='word_1_45' title='bbox 1140 996 1265 1052; x_wconf 86' lang='lat' dir='ltr'><strong>pergere</strong></span> <span class='ocrx_word' id='word_1_46' title='bbox 1298 982 1377 1052; x_wconf 82' lang='lat' dir='ltr'><strong>per5</strong></span> 
     </span>
     <span class='ocr_line' id='line_1_7' title="bbox 364 1064 1352 1139; baseline 0.001 -18"><span class='ocrx_word' id='word_1_47' title='bbox 364 1065 502 1122; x_wconf 89' lang='lat' dir='ltr'><strong>semitam</strong></span> <span class='ocrx_word' id='word_1_48' title='bbox 522 1065 569 1122; x_wconf 91' lang='lat' dir='ltr'><strong>dei</strong></span> <span class='ocrx_word' id='word_1_49' title='bbox 587 1083 735 1137; x_wconf 87' lang='lat' dir='ltr'><strong>securam,</strong></span> <span class='ocrx_word' id='word_1_50' title='bbox 760 1064 898 1138; x_wconf 91' lang='lat' dir='ltr'><strong>eligendo</strong></span> <span class='ocrx_word' id='word_1_51' title='bbox 921 1064 1004 1139; x_wconf 90' lang='lat' dir='ltr'><strong>prius</strong></span> <span class='ocrx_word' id='word_1_52' title='bbox 1028 1066 1156 1121; x_wconf 92' lang='lat' dir='ltr'><strong>electum</strong></span> <span class='ocrx_word' id='word_1_53' title='bbox 1181 1083 1199 1121; x_wconf 90' lang='lat' dir='ltr'><strong>a</strong></span> <span class='ocrx_word' id='word_1_54' title='bbox 1223 1066 1289 1137; x_wconf 93' lang='lat' dir='ltr'><strong>deo,</strong></span> <span class='ocrx_word' id='word_1_55' title='bbox 1314 1065 1352 1122; x_wconf 92' lang='lat' dir='ltr'><strong>sit</strong></span> 
     </span>
     <span class='ocr_line' id='line_1_8' title="bbox 365 1151 1352 1227; baseline 0 -18"><span class='ocrx_word' id='word_1_56' title='bbox 365 1171 382 1209; x_wconf 99' lang='lat' dir='ltr'><strong>a</strong></span> <span class='ocrx_word' id='word_1_57' title='bbox 410 1152 533 1209; x_wconf 91' lang='lat' dir='ltr'><strong>domino</strong></span> <span class='ocrx_word' id='word_1_58' title='bbox 561 1165 685 1227; x_wconf 91' lang='lat' dir='ltr'><strong>propter</strong></span> <span class='ocrx_word' id='word_1_59' title='bbox 716 1151 878 1208; x_wconf 86' lang='lat' dir='ltr'><strong>stulticiam</strong></span> <span class='ocrx_word' id='word_1_60' title='bbox 912 1151 1123 1226; x_wconf 88' lang='lat' dir='ltr'><strong>increpandus.</strong></span> <span class='ocrx_word' id='word_1_61' title='bbox 1162 1155 1223 1209; x_wconf 92' lang='lat' dir='ltr'><strong>Nec</strong></span> <span class='ocrx_word' id='word_1_62' title='bbox 1251 1165 1352 1227; x_wconf 91' lang='lat' dir='ltr'><strong>potest</strong></span> 
     </span>
     <span class='ocr_line' id='line_1_9' title="bbox 363 1237 1352 1313; baseline 0 -17"><span class='ocrx_word' id='word_1_63' title='bbox 363 1239 483 1296; x_wconf 90' lang='lat' dir='ltr'><strong>fundari</strong></span> <span class='ocrx_word' id='word_1_64' title='bbox 509 1241 553 1296; x_wconf 83' lang='lat' dir='ltr'><strong>lex</strong></span> <span class='ocrx_word' id='word_1_65' title='bbox 576 1239 643 1310; x_wconf 90' lang='lat' dir='ltr'><strong>ista,</strong></span> <span class='ocrx_word' id='word_1_66' title='bbox 672 1240 753 1313; x_wconf 94' lang='lat' dir='ltr'><strong>quod</strong></span> <span class='ocrx_word' id='word_1_67' title='bbox 777 1257 812 1295; x_wconf 93' lang='lat' dir='ltr'><strong>eo</strong></span> <span class='ocrx_word' id='word_1_68' title='bbox 835 1237 900 1313; x_wconf 90' lang='lat' dir='ltr'><strong>ipso</strong></span> <span class='ocrx_word' id='word_1_69' title='bbox 924 1240 1006 1313; x_wconf 92' lang='lat' dir='ltr'><strong>quod</strong></span> <span class='ocrx_word' id='word_1_70' title='bbox 1032 1239 1128 1295; x_wconf 89' lang='lat' dir='ltr'><strong>maior</strong></span> <span class='ocrx_word' id='word_1_71' title='bbox 1149 1257 1218 1313; x_wconf 92' lang='lat' dir='ltr'><strong>pars</strong></span> <span class='ocrx_word' id='word_1_72' title='bbox 1242 1240 1352 1296; x_wconf 87' lang='lat' dir='ltr'><strong>electo-</strong></span> 
     </span>
     <span class='ocr_line' id='line_1_10' title="bbox 198 1325 1351 1405; baseline -0.003 -19"><span class='ocrx_word' id='word_1_73' title='bbox 198 1343 303 1405; x_wconf 65' lang='lat' dir='ltr'><strong>Bullspf</strong></span> <span class='ocrx_word' id='word_1_74' title='bbox 364 1346 430 1382; x_wconf 91' lang='lat' dir='ltr'><strong>rum</strong></span> <span class='ocrx_word' id='word_1_75' title='bbox 456 1327 486 1381; x_wconf 92' lang='lat' dir='ltr'><strong>in</strong></span> <span class='ocrx_word' id='word_1_76' title='bbox 510 1326 803 1400; x_wconf 88' lang='lat' dir='ltr'><strong>irreprehensibilem</strong></span> <span class='ocrx_word' id='word_1_77' title='bbox 828 1344 988 1399; x_wconf 90' lang='lat' dir='ltr'><strong>personam</strong></span> <span class='ocrx_word' id='word_1_78' title='bbox 1019 1325 1213 1398; x_wconf 87' lang='lat' dir='ltr'><strong>consenserit,</strong></span> <span class='ocrx_word' id='word_1_79' title='bbox 1247 1327 1292 1383; x_wconf 90' lang='lat' dir='ltr'><strong>vel</strong></span> <span class='ocrx_word' id='word_1_80' title='bbox 1316 1345 1351 1384; x_wconf 91' lang='lat' dir='ltr'><strong>eo</strong></span> 
     </span>
     <span class='ocr_line' id='line_1_11' title="bbox 148 1408 1396 1491; baseline -0.001 -22"><span class='ocrx_word' id='word_1_81' title='bbox 148 1408 429 1491; x_wconf 58' lang='lat' dir='ltr'><strong>shoilivlii&#39;inolpffl</strong></span> <span class='ocrx_word' id='word_1_82' title='bbox 462 1415 542 1487; x_wconf 93' lang='lat' dir='ltr'><strong>quod</strong></span> <span class='ocrx_word' id='word_1_83' title='bbox 575 1413 658 1486; x_wconf 87' lang='lat' dir='ltr'><strong>prius</strong></span> <span class='ocrx_word' id='word_1_84' title='bbox 696 1414 791 1469; x_wconf 83' lang='lat' dir='ltr'><strong>bullas</strong></span> <span class='ocrx_word' id='word_1_85' title='bbox 823 1413 946 1487; x_wconf 89' lang='lat' dir='ltr'><strong>papales</strong></span> <span class='ocrx_word' id='word_1_86' title='bbox 982 1432 1073 1488; x_wconf 89' lang='lat' dir='ltr'><strong>super</strong></span> <span class='ocrx_word' id='word_1_87' title='bbox 1104 1412 1274 1488; x_wconf 89' lang='lat' dir='ltr'><strong>provisione</strong></span> <span class='ocrx_word' id='word_1_88' title='bbox 1306 1414 1396 1471; x_wconf 83' lang='lat' dir='ltr'><strong>velro</strong></span> 
     </span>
     <span class='ocr_line' id='line_1_12' title="bbox 202 1500 1352 1575; baseline 0.001 -20"><span class='ocrx_word' id='word_1_89' title='bbox 202 1501 296 1555; x_wconf 79' lang='lat' dir='ltr'><strong>weight.</strong></span> <span class='ocrx_word' id='word_1_90' title='bbox 364 1501 464 1556; x_wconf 88' lang='lat' dir='ltr'><strong>officio</strong></span> <span class='ocrx_word' id='word_1_91' title='bbox 489 1500 690 1556; x_wconf 89' lang='lat' dir='ltr'><strong>ecclesiastico</strong></span> <span class='ocrx_word' id='word_1_92' title='bbox 707 1500 932 1573; x_wconf 89' lang='lat' dir='ltr'><strong>presentaverit,</strong></span> <span class='ocrx_word' id='word_1_93' title='bbox 957 1513 1000 1557; x_wconf 90' lang='lat' dir='ltr'><strong>est</strong></span> <span class='ocrx_word' id='word_1_94' title='bbox 1021 1500 1166 1575; x_wconf 86' lang='lat' dir='ltr'><strong>legittime</strong></span> <span class='ocrx_word' id='word_1_95' title='bbox 1182 1518 1352 1575; x_wconf 90' lang='lat' dir='ltr'><strong>preponen-</strong></span> 
     </span>
     <span class='ocr_line' id='line_1_13' title="bbox 365 1586 1351 1662; baseline 0.001 -19"><span class='ocrx_word' id='word_1_96' title='bbox 365 1590 434 1657; x_wconf 68' lang='lat' dir='ltr'><strong>dus,</strong></span> <span class='ocrx_word' id='word_1_97' title='bbox 468 1600 526 1643; x_wconf 93' lang='lat' dir='ltr'><strong>stat</strong></span> <span class='ocrx_word' id='word_1_98' title='bbox 551 1587 630 1644; x_wconf 90' lang='lat' dir='ltr'><strong>enim</strong></span> <span class='ocrx_word' id='word_1_99' title='bbox 656 1606 722 1643; x_wconf 93' lang='lat' dir='ltr'><strong>cum</strong></span> <span class='ocrx_word' id='word_1_100' title='bbox 748 1586 800 1643; x_wconf 89' lang='lat' dir='ltr'><strong>tali</strong></span> <span class='ocrx_word' id='word_1_101' title='bbox 825 1587 1015 1660; x_wconf 89' lang='lat' dir='ltr'><strong>auctoritate,</strong></span> <span class='ocrx_word' id='word_1_102' title='bbox 1049 1590 1130 1662; x_wconf 94' lang='lat' dir='ltr'><strong>quod</strong></span> <span class='ocrx_word' id='word_1_103' title='bbox 1155 1589 1228 1644; x_wconf 93' lang='lat' dir='ltr'><strong>deus</strong></span> <span class='ocrx_word' id='word_1_104' title='bbox 1252 1587 1351 1662; x_wconf 90' lang='lat' dir='ltr'><strong>ipsum</strong></span> 
     </span>
     <span class='ocr_line' id='line_1_14' title="bbox 365 1674 1352 1749; baseline 0.002 -20"><span class='ocrx_word' id='word_1_105' title='bbox 365 1677 504 1749; x_wconf 88' lang='lat' dir='ltr'><strong>reprobet</strong></span> <span class='ocrx_word' id='word_1_106' title='bbox 521 1687 548 1730; x_wconf 92' lang='lat' dir='ltr'><strong>et</strong></span> <span class='ocrx_word' id='word_1_107' title='bbox 565 1674 734 1731; x_wconf 88' lang='lat' dir='ltr'><strong>inhabilitet</strong></span> <span class='ocrx_word' id='word_1_108' title='bbox 751 1675 788 1730; x_wconf 88' lang='lat' dir='ltr'><strong>ad</strong></span> <span class='ocrx_word' id='word_1_109' title='bbox 811 1675 871 1730; x_wconf 91' lang='lat' dir='ltr'><strong>tale</strong></span> <span class='ocrx_word' id='word_1_110' title='bbox 895 1674 1106 1732; x_wconf 89' lang='lat' dir='ltr'><strong>ministerium.</strong></span> <span class='ocrx_word' id='word_1_111' title='bbox 1131 1676 1202 1731; x_wconf 93' lang='lat' dir='ltr'><strong>ldeo</strong></span> <span class='ocrx_word' id='word_1_112' title='bbox 1218 1674 1242 1730; x_wconf 87' lang='lat' dir='ltr'><strong>si</strong></span> <span class='ocrx_word' id='word_1_113' title='bbox 1260 1677 1352 1731; x_wconf 91' lang='lat' dir='ltr'><strong>homo</strong></span> 
     </span>
     <span class='ocr_line' id='line_1_15' title="bbox 365 1760 1351 1836; baseline -0.001 -18"><span class='ocrx_word' id='word_1_114' title='bbox 365 1763 425 1835; x_wconf 90' lang='lat' dir='ltr'><strong>agit</strong></span> <span class='ocrx_word' id='word_1_115' title='bbox 450 1775 555 1818; x_wconf 89' lang='lat' dir='ltr'><strong>contra</strong></span> <span class='ocrx_word' id='word_1_116' title='bbox 579 1761 809 1833; x_wconf 90' lang='lat' dir='ltr'><strong>conscienciam,</strong></span> <span class='ocrx_word' id='word_1_117' title='bbox 843 1760 911 1818; x_wconf 91' lang='lat' dir='ltr'><strong>licet</strong></span> <span class='ocrx_word' id='word_1_118' title='bbox 935 1761 1058 1833; x_wconf 91' lang='lat' dir='ltr'><strong>iustum,</strong></span> <span class='ocrx_word' id='word_1_119' title='bbox 1082 1774 1188 1836; x_wconf 86' lang='lat' dir='ltr'><strong>peccat</strong></span> <span class='ocrx_word' id='word_1_120' title='bbox 1211 1762 1351 1836; x_wconf 89' lang='lat' dir='ltr'><strong>graviter,</strong></span> 
     </span>
     <span class='ocr_line' id='line_1_16' title="bbox 365 1848 1395 1923; baseline -0.002 -17"><span class='ocrx_word' id='word_1_121' title='bbox 365 1862 396 1905; x_wconf 94' lang='lat' dir='ltr'><strong>ut</strong></span> <span class='ocrx_word' id='word_1_122' title='bbox 421 1862 503 1923; x_wconf 89' lang='lat' dir='ltr'><strong>patet</strong></span> <span class='ocrx_word' id='word_1_123' title='bbox 531 1868 585 1923; x_wconf 87' lang='lat' dir='ltr'><strong>per</strong></span> <span class='ocrx_word' id='word_1_124' title='bbox 613 1850 783 1923; x_wconf 90' lang='lat' dir='ltr'><strong>apostolum</strong></span> <span class='ocrx_word' id='word_1_125' title='bbox 808 1850 893 1903; x_wconf 91' lang='lat' dir='ltr'><strong>Rom.</strong></span> <span class='ocrx_word' id='word_1_126' title='bbox 923 1869 969 1919; x_wconf 88' lang='lat'><strong>14,</strong></span> <span class='ocrx_word' id='word_1_127' title='bbox 1004 1851 1098 1905; x_wconf 88' lang='lat' dir='ltr'><strong>multo</strong></span> <span class='ocrx_word' id='word_1_128' title='bbox 1132 1848 1227 1923; x_wconf 89' lang='lat' dir='ltr'><strong>magis</strong></span> <span class='ocrx_word' id='word_1_129' title='bbox 1260 1850 1395 1906; x_wconf 71' lang='lat' dir='ltr'><strong>homori</strong></span> 
     </span>
     <span class='ocr_line' id='line_1_17' title="bbox 365 1935 1351 2011; baseline 0 -18"><span class='ocrx_word' id='word_1_130' title='bbox 365 1955 455 2011; x_wconf 89' lang='lat' dir='ltr'><strong>agens</strong></span> <span class='ocrx_word' id='word_1_131' title='bbox 472 1936 616 1992; x_wconf 88' lang='lat' dir='ltr'><strong>iniustum</strong></span> <span class='ocrx_word' id='word_1_132' title='bbox 634 1948 739 1991; x_wconf 89' lang='lat' dir='ltr'><strong>contra</strong></span> <span class='ocrx_word' id='word_1_133' title='bbox 755 1935 938 2009; x_wconf 87' lang='lat' dir='ltr'><strong>sapienciam</strong></span> <span class='ocrx_word' id='word_1_134' title='bbox 956 1949 984 1992; x_wconf 93' lang='lat' dir='ltr'><strong>et</strong></span> <span class='ocrx_word' id='word_1_135' title='bbox 1000 1938 1185 1993; x_wconf 87' lang='lat' dir='ltr'><strong>voluntatem</strong></span> <span class='ocrx_word' id='word_1_136' title='bbox 1203 1936 1351 2007; x_wconf 92' lang='lat' dir='ltr'><strong>divinam;</strong></span> 
     </span>
     <span class='ocr_line' id='line_1_18' title="bbox 365 2022 1352 2098; baseline 0.002 -20"><span class='ocrx_word' id='word_1_137' title='bbox 365 2025 416 2080; x_wconf 95' lang='lat' dir='ltr'><strong>sed</strong></span> <span class='ocrx_word' id='word_1_138' title='bbox 433 2023 475 2079; x_wconf 86' lang='lat' dir='ltr'><strong>sic</strong></span> <span class='ocrx_word' id='word_1_139' title='bbox 498 2023 569 2079; x_wconf 91' lang='lat' dir='ltr'><strong>facit</strong></span> <span class='ocrx_word' id='word_1_140' title='bbox 592 2023 691 2078; x_wconf 93' lang='lat' dir='ltr'><strong>omnis</strong></span> <span class='ocrx_word' id='word_1_141' title='bbox 715 2022 826 2095; x_wconf 91' lang='lat' dir='ltr'><strong>eligens</strong></span> <span class='ocrx_word' id='word_1_142' title='bbox 850 2022 1000 2080; x_wconf 90' lang='lat' dir='ltr'><strong>contrarie</strong></span> <span class='ocrx_word' id='word_1_143' title='bbox 1023 2023 1169 2080; x_wconf 90' lang='lat' dir='ltr'><strong>voluntati</strong></span> <span class='ocrx_word' id='word_1_144' title='bbox 1193 2023 1252 2095; x_wconf 92' lang='lat' dir='ltr'><strong>dei,</strong></span> <span class='ocrx_word' id='word_1_145' title='bbox 1281 2042 1352 2098; x_wconf 90' lang='lat' dir='ltr'><strong>ergo</strong></span> 
     </span>
     <span class='ocr_line' id='line_1_19' title="bbox 365 2109 1352 2185; baseline 0.002 -20"><span class='ocrx_word' id='word_1_146' title='bbox 365 2110 396 2166; x_wconf 96' lang='lat' dir='ltr'><strong>in</strong></span> <span class='ocrx_word' id='word_1_147' title='bbox 421 2112 477 2166; x_wconf 87' lang='lat' dir='ltr'><strong>hoc</strong></span> <span class='ocrx_word' id='word_1_148' title='bbox 500 2123 604 2183; x_wconf 87' lang='lat' dir='ltr'><strong>peccat</strong></span> <span class='ocrx_word' id='word_1_149' title='bbox 628 2109 767 2183; x_wconf 88' lang='lat' dir='ltr'><strong>graviter.</strong></span> <span class='ocrx_word' id='word_1_150' title='bbox 792 2112 872 2166; x_wconf 89' lang='lat' dir='ltr'><strong>Deus</strong></span> <span class='ocrx_word' id='word_1_151' title='bbox 896 2110 976 2165; x_wconf 92' lang='lat' dir='ltr'><strong>enim</strong></span> <span class='ocrx_word' id='word_1_152' title='bbox 1005 2110 1157 2185; x_wconf 88' lang='lat' dir='ltr'><strong>sapienter</strong></span> <span class='ocrx_word' id='word_1_153' title='bbox 1179 2110 1300 2167; x_wconf 90' lang='lat' dir='ltr'><strong>ordinat</strong></span> <span class='ocrx_word' id='word_1_154' title='bbox 1324 2123 1352 2167; x_wconf 93' lang='lat' dir='ltr'><strong>et</strong></span> 
     </span>
     <span class='ocr_line' id='line_1_20' title="bbox 366 2197 1350 2272; baseline 0.002 -20"><span class='ocrx_word' id='word_1_155' title='bbox 366 2197 501 2271; x_wconf 85' lang='lat' dir='ltr'><strong>graciose</strong></span> <span class='ocrx_word' id='word_1_156' title='bbox 537 2198 599 2254; x_wconf 92' lang='lat' dir='ltr'><strong>vult</strong></span> <span class='ocrx_word' id='word_1_157' title='bbox 634 2199 715 2271; x_wconf 92' lang='lat' dir='ltr'><strong>quod</strong></span> <span class='ocrx_word' id='word_1_158' title='bbox 753 2197 879 2270; x_wconf 90' lang='lat' dir='ltr'><strong>eligatur</strong></span> <span class='ocrx_word' id='word_1_159' title='bbox 912 2198 1091 2270; x_wconf 89' lang='lat' dir='ltr'><strong>generaliter</strong></span> <span class='ocrx_word' id='word_1_160' title='bbox 1124 2197 1220 2272; x_wconf 88' lang='lat' dir='ltr'><strong>magis</strong></span> <span class='ocrx_word' id='word_1_161' title='bbox 1253 2210 1350 2272; x_wconf 90' lang='lat' dir='ltr'><strong>aptus,</strong></span> 
     </span>
     <span class='ocr_line' id='line_1_21' title="bbox 367 2283 1397 2359; baseline -0.004 -18"><span class='ocrx_word' id='word_1_162' title='bbox 367 2285 478 2341; x_wconf 91' lang='lat' dir='ltr'><strong>elector</strong></span> <span class='ocrx_word' id='word_1_163' title='bbox 502 2297 603 2340; x_wconf 89' lang='lat' dir='ltr'><strong>autem</strong></span> <span class='ocrx_word' id='word_1_164' title='bbox 628 2302 698 2358; x_wconf 92' lang='lat' dir='ltr'><strong>sepe</strong></span> <span class='ocrx_word' id='word_1_165' title='bbox 722 2283 850 2340; x_wconf 90' lang='lat' dir='ltr'><strong>scienter</strong></span> <span class='ocrx_word' id='word_1_166' title='bbox 868 2296 896 2340; x_wconf 95' lang='lat' dir='ltr'><strong>et</strong></span> <span class='ocrx_word' id='word_1_167' title='bbox 913 2303 982 2358; x_wconf 93' lang='lat' dir='ltr'><strong>sepe</strong></span> <span class='ocrx_word' id='word_1_168' title='bbox 1000 2303 1033 2341; x_wconf 82' lang='lat' dir='ltr'><strong>ex</strong></span> <span class='ocrx_word' id='word_1_169' title='bbox 1049 2303 1150 2341; x_wconf 86' lang='lat' dir='ltr'><strong>crassa</strong></span> <span class='ocrx_word' id='word_1_170' title='bbox 1173 2283 1351 2359; x_wconf 88' lang='lat' dir='ltr'><strong>ignorancia</strong></span> <span class='ocrx_word' id='word_1_171' title='bbox 1364 2303 1397 2338; x_wconf 88' lang='lat'><strong>20</strong></span> 
     </span>
     <span class='ocr_line' id='line_1_22' title="bbox 180 2371 1352 2448; baseline -0.002 -18"><span class='ocrx_word' id='word_1_172' title='bbox 180 2386 237 2448; x_wconf 47' lang='grc' dir='ltr'><strong>1,Το</strong></span> <span class='ocrx_word' id='word_1_173' title='bbox 252 2386 303 2441; x_wconf 78' lang='lat' dir='ltr'><strong>give</strong></span> <span class='ocrx_word' id='word_1_174' title='bbox 366 2385 409 2428; x_wconf 91' lang='lat' dir='ltr'><strong>est</strong></span> <span class='ocrx_word' id='word_1_175' title='bbox 433 2373 490 2428; x_wconf 94' lang='lat' dir='ltr'><strong>deo</strong></span> <span class='ocrx_word' id='word_1_176' title='bbox 514 2371 692 2427; x_wconf 85' lang='lat' dir='ltr'><strong>contrarius.</strong></span> <span class='ocrx_word' id='word_1_177' title='bbox 726 2373 888 2441; x_wconf 89' lang='lat' dir='ltr'><strong>Quomodo</strong></span> <span class='ocrx_word' id='word_1_178' title='bbox 916 2390 987 2445; x_wconf 90' lang='lat' dir='ltr'><strong>ergo</strong></span> <span class='ocrx_word' id='word_1_179' title='bbox 1015 2392 1076 2428; x_wconf 92' lang='lat' dir='ltr'><strong>non</strong></span> <span class='ocrx_word' id='word_1_180' title='bbox 1104 2373 1171 2446; x_wconf 94' lang='lat' dir='ltr'><strong>plus</strong></span> <span class='ocrx_word' id='word_1_181' title='bbox 1194 2372 1352 2428; x_wconf 89' lang='lat' dir='ltr'><strong>blasfemat</strong></span> 
     </span>
     <span class='ocr_line' id='line_1_23' title="bbox 150 2441 1350 2545; baseline 0 -31"><span class='ocrx_word' id='word_1_182' title='bbox 150 2441 457 2545; x_wconf 56' lang='lat' dir='ltr'><strong>splffiugliffils&#39;e‘quam</strong></span> <span class='ocrx_word' id='word_1_183' title='bbox 490 2460 594 2515; x_wconf 88' lang='lat' dir='ltr'><strong>Petrus</strong></span> <span class='ocrx_word' id='word_1_184' title='bbox 625 2459 670 2514; x_wconf 92' lang='lat' dir='ltr'><strong>vel</strong></span> <span class='ocrx_word' id='word_1_185' title='bbox 701 2459 827 2514; x_wconf 85' lang='lat' dir='ltr'><strong>Paulus?</strong></span> <span class='ocrx_word' id='word_1_186' title='bbox 864 2461 941 2514; x_wconf 89' lang='lat' dir='ltr'><strong>Ymo</strong></span> <span class='ocrx_word' id='word_1_187' title='bbox 974 2472 1132 2516; x_wconf 87' lang='lat' dir='ltr'><strong>comutans</strong></span> <span class='ocrx_word' id='word_1_188' title='bbox 1164 2458 1350 2534; x_wconf 90' lang='lat' dir='ltr'><strong>spiritualem</strong></span> 
     </span>
     <span class='ocr_line' id='line_1_24' title="bbox 153 2542 1350 2640; baseline 0 -38"><span class='ocrx_word' id='word_1_189' title='bbox 153 2542 350 2640; x_wconf 46' lang='lat' dir='ltr'><strong>*tlhzstsgssffllffilss</strong></span> <span class='ocrx_word' id='word_1_190' title='bbox 365 2558 545 2620; x_wconf 89' lang='lat' dir='ltr'><strong>potestatem</strong></span> <span class='ocrx_word' id='word_1_191' title='bbox 570 2565 625 2619; x_wconf 90' lang='lat' dir='ltr'><strong>pro</strong></span> <span class='ocrx_word' id='word_1_192' title='bbox 649 2545 808 2618; x_wconf 90' lang='lat' dir='ltr'><strong>temporali</strong></span> <span class='ocrx_word' id='word_1_193' title='bbox 834 2547 963 2602; x_wconf 93' lang='lat' dir='ltr'><strong>comodo</strong></span> <span class='ocrx_word' id='word_1_194' title='bbox 980 2548 1046 2620; x_wconf 90' lang='lat' dir='ltr'><strong>plus</strong></span> <span class='ocrx_word' id='word_1_195' title='bbox 1063 2560 1167 2621; x_wconf 89' lang='lat' dir='ltr'><strong>peccat</strong></span> <span class='ocrx_word' id='word_1_196' title='bbox 1184 2547 1215 2602; x_wconf 91' lang='lat' dir='ltr'><strong>in</strong></span> <span class='ocrx_word' id='word_1_197' title='bbox 1232 2546 1350 2618; x_wconf 87' lang='lat' dir='ltr'><strong>effectu,</strong></span> 
     </span>
     <span class='ocr_line' id='line_1_25' title="bbox 208 2632 1352 2711; baseline 0 -21"><span class='ocrx_word' id='word_1_198' title='bbox 208 2648 297 2702; x_wconf 84' lang='lat' dir='ltr'><strong>Magus.</strong></span> <span class='ocrx_word' id='word_1_199' title='bbox 366 2652 457 2707; x_wconf 90' lang='lat' dir='ltr'><strong>quam</strong></span> <span class='ocrx_word' id='word_1_200' title='bbox 475 2635 588 2706; x_wconf 88' lang='lat' dir='ltr'><strong>Symon</strong></span> <span class='ocrx_word' id='word_1_201' title='bbox 612 2650 728 2706; x_wconf 75' lang='lat' dir='ltr'><strong>maguS,</strong></span> <span class='ocrx_word' id='word_1_202' title='bbox 753 2632 839 2711; x_wconf 87' lang='lat' dir='ltr'><strong>etsie</strong></span> <span class='ocrx_word' id='word_1_203' title='bbox 860 2633 914 2689; x_wconf 91' lang='lat' dir='ltr'><strong>toti</strong></span> <span class='ocrx_word' id='word_1_204' title='bbox 939 2633 1067 2690; x_wconf 87' lang='lat' dir='ltr'><strong>trinitati</strong></span> <span class='ocrx_word' id='word_1_205' title='bbox 1091 2633 1259 2690; x_wconf 92' lang='lat' dir='ltr'><strong>contrarius</strong></span> <span class='ocrx_word' id='word_1_206' title='bbox 1282 2652 1352 2707; x_wconf 96' lang='lat' dir='ltr'><strong>pro-</strong></span> 
     </span>
     <span class='ocr_line' id='line_1_26' title="bbox 365 2719 1395 2795; baseline -0.001 -20"><span class='ocrx_word' id='word_1_207' title='bbox 365 2719 474 2776; x_wconf 92' lang='lat' dir='ltr'><strong>ditorie</strong></span> <span class='ocrx_word' id='word_1_208' title='bbox 498 2732 587 2793; x_wconf 90' lang='lat' dir='ltr'><strong>negat</strong></span> <span class='ocrx_word' id='word_1_209' title='bbox 611 2720 710 2776; x_wconf 87' lang='lat' dir='ltr'><strong>fidem.</strong></span> <span class='ocrx_word' id='word_1_210' title='bbox 737 2721 822 2777; x_wconf 91' lang='lat' dir='ltr'><strong>llnde</strong></span> <span class='ocrx_word' id='word_1_211' title='bbox 846 2722 1000 2777; x_wconf 90' lang='lat' dir='ltr'><strong>decretum</strong></span> <span class='ocrx_word' id='word_1_212' title='bbox 1016 2720 1162 2777; x_wconf 81' lang='lat' dir='ltr'><strong>leronimi</strong></span> <span class='ocrx_word' id='word_1_213' title='bbox 1183 2719 1315 2795; x_wconf 90' lang='lat' dir='ltr'><strong>positum</strong></span> <span class='ocrx_word' id='word_1_214' title='bbox 1334 2720 1395 2776; x_wconf 81' lang='lat'><strong>825</strong></span> 
     </span>
     <span class='ocr_line' id='line_1_27' title="bbox 366 2807 1352 2882; baseline 0.001 -20"><span class='ocrx_word' id='word_1_215' title='bbox 366 2807 523 2881; x_wconf 90' lang='lat' dir='ltr'><strong>questione</strong></span> <span class='ocrx_word' id='word_1_216' title='bbox 557 2827 565 2862; x_wconf 94' lang='lat'><strong>1</strong></span> <span class='ocrx_word' id='word_1_217' title='bbox 595 2826 661 2881; x_wconf 89' lang='lat' dir='ltr'><strong>cap.</strong></span> <span class='ocrx_word' id='word_1_218' title='bbox 702 2809 757 2862; x_wconf 89' lang='lat' dir='ltr'><strong>Vos</strong></span> <span class='ocrx_word' id='word_1_219' title='bbox 779 2808 891 2882; x_wconf 84' lang='lat' dir='ltr'><strong>spernit</strong></span> <span class='ocrx_word' id='word_1_220' title='bbox 927 2807 968 2863; x_wconf 93' lang='lat' dir='ltr'><strong>sic</strong></span> <span class='ocrx_word' id='word_1_221' title='bbox 1005 2807 1153 2882; x_wconf 88' lang='lat' dir='ltr'><strong>loquitur:</strong></span> <span class='ocrx_word' id='word_1_222' title='bbox 1193 2807 1264 2878; x_wconf 88' lang='lat' dir='ltr'><strong>‘Qui</strong></span> <span class='ocrx_word' id='word_1_223' title='bbox 1300 2826 1352 2864; x_wconf 91' lang='lat' dir='ltr'><strong>vos</strong></span> 
     </span>
     <span class='ocr_line' id='line_1_28' title="bbox 365 2893 1352 2969; baseline 0.002 -20"><span class='ocrx_word' id='word_1_224' title='bbox 365 2894 480 2969; x_wconf 88' lang='lat' dir='ltr'><strong>spernit</strong></span> <span class='ocrx_word' id='word_1_225' title='bbox 504 2914 551 2950; x_wconf 90' lang='lat' dir='ltr'><strong>me</strong></span> <span class='ocrx_word' id='word_1_226' title='bbox 574 2894 708 2969; x_wconf 59' lang='lat' dir='ltr'><strong>spernit!</strong></span> <span class='ocrx_word' id='word_1_227' title='bbox 742 2897 783 2950; x_wconf 85' lang='lat' dir='ltr'><strong>Ex</strong></span> <span class='ocrx_word' id='word_1_228' title='bbox 808 2913 869 2968; x_wconf 93' lang='lat' dir='ltr'><strong>quo</strong></span> <span class='ocrx_word' id='word_1_229' title='bbox 893 2893 1086 2950; x_wconf 88' lang='lat' dir='ltr'><strong>manifestum</strong></span> <span class='ocrx_word' id='word_1_230' title='bbox 1111 2906 1164 2966; x_wconf 92' lang='lat' dir='ltr'><strong>est,</strong></span> <span class='ocrx_word' id='word_1_231' title='bbox 1194 2896 1275 2969; x_wconf 93' lang='lat' dir='ltr'><strong>quod</strong></span> <span class='ocrx_word' id='word_1_232' title='bbox 1300 2893 1352 2969; x_wconf 94' lang='lat' dir='ltr'><strong>qui</strong></span> 
     </span>
     <span class='ocr_line' id='line_1_29' title="bbox 366 2981 1352 3056; baseline -0.001 -19"><span class='ocrx_word' id='word_1_233' title='bbox 366 2982 495 3056; x_wconf 88' lang='lat' dir='ltr'><strong>apostoli</strong></span> <span class='ocrx_word' id='word_1_234' title='bbox 534 2983 598 3055; x_wconf 90' lang='lat' dir='ltr'><strong>lege</strong></span> <span class='ocrx_word' id='word_1_235' title='bbox 638 2994 811 3054; x_wconf 87' lang='lat' dir='ltr'><strong>contempta</strong></span> <span class='ocrx_word' id='word_1_236' title='bbox 850 2981 1085 3038; x_wconf 87' lang='lat' dir='ltr'><strong>ecclesiasticum</strong></span> <span class='ocrx_word' id='word_1_237' title='bbox 1125 2983 1251 3056; x_wconf 89' lang='lat' dir='ltr'><strong>gradum</strong></span> <span class='ocrx_word' id='word_1_238' title='bbox 1291 3000 1352 3038; x_wconf 92' lang='lat' dir='ltr'><strong>non</strong></span> 
     </span>
     <span class='ocr_line' id='line_1_30' title="bbox 367 3068 1354 3143; baseline 0.001 -19"><span class='ocrx_word' id='word_1_239' title='bbox 367 3068 481 3125; x_wconf 91' lang='lat' dir='ltr'><strong>meritis</strong></span> <span class='ocrx_word' id='word_1_240' title='bbox 515 3069 642 3125; x_wconf 91' lang='lat' dir='ltr'><strong>voluerit</strong></span> <span class='ocrx_word' id='word_1_241' title='bbox 680 3069 806 3124; x_wconf 90' lang='lat' dir='ltr'><strong>alicuius</strong></span> <span class='ocrx_word' id='word_1_242' title='bbox 845 3070 970 3140; x_wconf 90' lang='lat' dir='ltr'><strong>deferre,</strong></span> <span class='ocrx_word' id='word_1_243' title='bbox 1009 3071 1060 3126; x_wconf 90' lang='lat' dir='ltr'><strong>sed</strong></span> <span class='ocrx_word' id='word_1_244' title='bbox 1099 3068 1208 3143; x_wconf 86' lang='lat' dir='ltr'><strong>gracie,</strong></span> <span class='ocrx_word' id='word_1_245' title='bbox 1248 3081 1354 3126; x_wconf 91' lang='lat' dir='ltr'><strong>contra</strong></span> 
     </span>
     <span class='ocr_line' id='line_1_31' title="bbox 366 3155 1398 3230; baseline -0.003 -18"><span class='ocrx_word' id='word_1_246' title='bbox 366 3156 518 3212; x_wconf 90' lang='lat' dir='ltr'><strong>Christum</strong></span> <span class='ocrx_word' id='word_1_247' title='bbox 544 3157 642 3212; x_wconf 87' lang='lat' dir='ltr'><strong>facere</strong></span> <span class='ocrx_word' id='word_1_248' title='bbox 664 3155 791 3227; x_wconf 90' lang='lat' dir='ltr'><strong>videtur,</strong></span> <span class='ocrx_word' id='word_1_249' title='bbox 816 3155 887 3230; x_wconf 89' lang='lat' dir='ltr'><strong>quia</strong></span> <span class='ocrx_word' id='word_1_250' title='bbox 904 3155 1000 3230; x_wconf 87' lang='lat' dir='ltr'><strong>qualis</strong></span> <span class='ocrx_word' id='word_1_251' title='bbox 1018 3156 1048 3211; x_wconf 93' lang='lat' dir='ltr'><strong>in</strong></span> <span class='ocrx_word' id='word_1_252' title='bbox 1066 3156 1190 3213; x_wconf 87' lang='lat' dir='ltr'><strong>ecclesia</strong></span> <span class='ocrx_word' id='word_1_253' title='bbox 1206 3156 1354 3230; x_wconf 89' lang='lat' dir='ltr'><strong>presbiter</strong></span> <span class='ocrx_word' id='word_1_254' title='bbox 1365 3163 1398 3212; x_wconf 81' lang='lat'><strong>30</strong></span> 
     </span>
     <span class='ocr_line' id='line_1_32' title="bbox 367 3243 1354 3317; baseline 0.001 -18"><span class='ocrx_word' id='word_1_255' title='bbox 367 3243 594 3300; x_wconf 90' lang='lat' dir='ltr'><strong>constituendus</strong></span> <span class='ocrx_word' id='word_1_256' title='bbox 611 3243 657 3314; x_wconf 90' lang='lat' dir='ltr'><strong>sit,</strong></span> <span class='ocrx_word' id='word_1_257' title='bbox 675 3263 728 3317; x_wconf 93' lang='lat' dir='ltr'><strong>per</strong></span> <span class='ocrx_word' id='word_1_258' title='bbox 739 3244 909 3317; x_wconf 89' lang='lat' dir='ltr'><strong>apostolum</strong></span> <span class='ocrx_word' id='word_1_259' title='bbox 928 3263 1015 3299; x_wconf 92' lang='lat' dir='ltr'><strong>suum</strong></span> <span class='ocrx_word' id='word_1_260' title='bbox 1032 3243 1259 3317; x_wconf 91' lang='lat' dir='ltr'><strong>insequentibus</strong></span> <span class='ocrx_word' id='word_1_261' title='bbox 1276 3243 1354 3300; x_wconf 90' lang='lat' dir='ltr'><strong>inse-</strong></span> 
     </span>
     <span class='ocr_line' id='line_1_33' title="bbox 368 3343 530 3388; baseline 0.012 -3"><span class='ocrx_word' id='word_1_262' title='bbox 368 3344 453 3386; x_wconf 90' lang='lat' dir='ltr'><strong>cutus</strong></span> <span class='ocrx_word' id='word_1_263' title='bbox 478 3343 530 3388; x_wconf 89' lang='lat' dir='ltr'><strong>est.</strong></span> 
     </span>
     <span class='ocr_line' id='line_1_34' title="bbox 410 3416 1354 3492; baseline 0.001 -20"><span class='ocrx_word' id='word_1_264' title='bbox 410 3417 535 3473; x_wconf 91' lang='lat' dir='ltr'><strong>Videtur</strong></span> <span class='ocrx_word' id='word_1_265' title='bbox 559 3436 592 3472; x_wconf 83' lang='lat' dir='ltr'><strong>ex</strong></span> <span class='ocrx_word' id='word_1_266' title='bbox 616 3417 672 3480; x_wconf 86' lang='lat' dir='ltr'><strong>isto</strong></span> <span class='ocrx_word' id='word_1_267' title='bbox 685 3430 766 3473; x_wconf 88' lang='lat' dir='ltr'><strong>textu</strong></span> <span class='ocrx_word' id='word_1_268' title='bbox 784 3417 874 3474; x_wconf 91' lang='lat' dir='ltr'><strong>michi</strong></span> <span class='ocrx_word' id='word_1_269' title='bbox 891 3417 1000 3492; x_wconf 91' lang='lat' dir='ltr'><strong>primo,</strong></span> <span class='ocrx_word' id='word_1_270' title='bbox 1016 3420 1098 3492; x_wconf 92' lang='lat' dir='ltr'><strong>quod</strong></span> <span class='ocrx_word' id='word_1_271' title='bbox 1114 3417 1175 3477; x_wconf 90' lang='lat' dir='ltr'><strong>sive</strong></span> <span class='ocrx_word' id='word_1_272' title='bbox 1190 3435 1270 3492; x_wconf 88' lang='lat' dir='ltr'><strong>papa</strong></span> <span class='ocrx_word' id='word_1_273' title='bbox 1293 3416 1354 3474; x_wconf 90' lang='lat' dir='ltr'><strong>sive</strong></span> 
     </span>
    </p>
   </div>
   <div class='ocr_carea' id='block_1_3' title="bbox 286 3503 1353 3579">
    <p class='ocr_par' dir='ltr' id='par_1_3' title="bbox 286 3503 1353 3579">
     <span class='ocr_line' id='line_1_35' title="bbox 286 3503 1353 3579; baseline -0.002 -16"><span class='ocrx_word' id='word_1_274' title='bbox 286 3558 289 3563; x_wconf 26' lang='lat'><strong>⁴</strong></span> <span class='ocrx_word' id='word_1_275' title='bbox 368 3503 443 3559; x_wconf 92' lang='lat' dir='ltr'><strong>alius</strong></span> <span class='ocrx_word' id='word_1_276' title='bbox 473 3504 634 3560; x_wconf 86' lang='lat' dir='ltr'><strong>constituat</strong></span> <span class='ocrx_word' id='word_1_277' title='bbox 662 3504 848 3577; x_wconf 90' lang='lat' dir='ltr'><strong>episcopum,</strong></span> <span class='ocrx_word' id='word_1_278' title='bbox 879 3518 906 3561; x_wconf 94' lang='lat' dir='ltr'><strong>et</strong></span> <span class='ocrx_word' id='word_1_279' title='bbox 935 3525 995 3561; x_wconf 93' lang='lat' dir='ltr'><strong>non</strong></span> <span class='ocrx_word' id='word_1_280' title='bbox 1024 3506 1189 3562; x_wconf 90' lang='lat' dir='ltr'><strong>secundum</strong></span> <span class='ocrx_word' id='word_1_281' title='bbox 1218 3505 1353 3579; x_wconf 89' lang='lat' dir='ltr'><strong>regulam</strong></span> 
     </span>
    </p>
   </div>
   <div class='ocr_carea' id='block_1_4' title="bbox 368 3724 1357 4244">
    <p class='ocr_par' dir='ltr' id='par_1_4' title="bbox 368 3724 1357 4244">
     <span class='ocr_line' id='line_1_36' title="bbox 370 3724 1355 3837; baseline 0 -20"><span class='ocrx_word' id='word_1_282' title='bbox 370 3781 446 3837; x_wconf 68' lang='lat' dir='ltr'><strong>potest</strong></span> <span class='ocrx_word' id='word_1_283' title='bbox 460 3776 545 3826; x_wconf 83' lang='lat' dir='ltr'><strong>ceteri;</strong></span> <span class='ocrx_word' id='word_1_284' title='bbox 559 3775 587 3818; x_wconf 85' lang='lat' dir='ltr'><strong>ib.</strong></span> <span class='ocrx_word' id='word_1_285' title='bbox 603 3775 743 3835; x_wconf 77' lang='lat' dir='ltr'><strong>exhonorari</strong></span> <span class='ocrx_word' id='word_1_286' title='bbox 758 3776 772 3817; x_wconf 88' lang='lat' dir='ltr'><strong>i.</strong></span> <span class='ocrx_word' id='word_1_287' title='bbox 820 3773 841 3818; x_wconf 86' lang='lat'><strong>3.</strong></span> <span class='ocrx_word' id='word_1_288' title='bbox 856 3777 940 3819; x_wconf 88' lang='lat' dir='ltr'><strong>electos</strong></span> <span class='ocrx_word' id='word_1_289' title='bbox 955 3777 1040 3826; x_wconf 80' lang='lat' dir='ltr'><strong>ceterr&#39;‚·</strong></span> <span class='ocrx_word' id='word_1_290' title='bbox 1055 3777 1084 3821; x_wconf 81' lang='lat' dir='ltr'><strong>ib.</strong></span> <span class='ocrx_word' id='word_1_291' title='bbox 1096 3724 1355 3825; x_wconf 58' lang='lat' dir='ltr'><strong>valllasielif&#39;svsfildeis&#39;</strong></span> 
     </span>
     <span class='ocr_line' id='line_1_37' title="bbox 368 3826 1355 3882; baseline 0 -13"><span class='ocrx_word' id='word_1_292' title='bbox 368 3831 455 3877; x_wconf 85' lang='lat' dir='ltr'><strong>ceter1;</strong></span> <span class='ocrx_word' id='word_1_293' title='bbox 470 3827 602 3882; x_wconf 80' lang='lat' dir='ltr'><strong>fingendum</strong></span> <span class='ocrx_word' id='word_1_294' title='bbox 618 3827 831 3882; x_wconf 81' lang='lat' dir='ltr'><strong>abce,fug1endum</strong></span> <span class='ocrx_word' id='word_1_295' title='bbox 847 3829 926 3871; x_wconf 83' lang='lat' dir='ltr'><strong>ceteri.</strong></span> <span class='ocrx_word' id='word_1_296' title='bbox 985 3829 1007 3871; x_wconf 80' lang='grc'><strong>6.</strong></span> <span class='ocrx_word' id='word_1_297' title='bbox 1023 3830 1120 3872; x_wconf 87' lang='lat' dir='ltr'><strong>electum</strong></span> <span class='ocrx_word' id='word_1_298' title='bbox 1135 3840 1179 3872; x_wconf 89' lang='lat' dir='ltr'><strong>om.</strong></span> <span class='ocrx_word' id='word_1_299' title='bbox 1195 3829 1211 3871; x_wconf 82' lang='grc' dir='ltr'><strong>ι’.</strong></span> <span class='ocrx_word' id='word_1_300' title='bbox 1272 3826 1293 3870; x_wconf 87' lang='grc'><strong>8.</strong></span> <span class='ocrx_word' id='word_1_301' title='bbox 1308 3840 1355 3882; x_wconf 90' lang='lat' dir='ltr'><strong>quo</strong></span> 
     </span>
     <span class='ocr_line' id='line_1_38' title="bbox 369 3880 1356 3936; baseline 0.001 -15"><span class='ocrx_word' id='word_1_302' title='bbox 369 3880 447 3924; x_wconf 84' lang='lat' dir='ltr'><strong>ceteri.</strong></span> <span class='ocrx_word' id='word_1_303' title='bbox 506 3891 527 3933; x_wconf 90' lang='lat'><strong>9.</strong></span> <span class='ocrx_word' id='word_1_304' title='bbox 543 3887 711 3922; x_wconf 88' lang='lat' dir='ltr'><strong>consenserunt</strong></span> <span class='ocrx_word' id='word_1_305' title='bbox 725 3881 803 3922; x_wconf 84' lang='lat' dir='ltr'><strong>ceteri.</strong></span> <span class='ocrx_word' id='word_1_306' title='bbox 865 3893 896 3924; x_wconf 84' lang='lat' dir='ltr'><strong>ro.</strong></span> <span class='ocrx_word' id='word_1_307' title='bbox 929 3881 977 3924; x_wconf 86' lang='lat' dir='ltr'><strong>rius</strong></span> <span class='ocrx_word' id='word_1_308' title='bbox 991 3882 1014 3933; x_wconf 81' lang='lat'><strong>11,</strong></span> <span class='ocrx_word' id='word_1_309' title='bbox 1031 3881 1107 3936; x_wconf 89' lang='lat' dir='ltr'><strong>primo</strong></span> <span class='ocrx_word' id='word_1_310' title='bbox 1121 3881 1199 3924; x_wconf 79' lang='lat' dir='ltr'><strong>ceteri.</strong></span> <span class='ocrx_word' id='word_1_311' title='bbox 1260 3893 1286 3923; x_wconf 88' lang='lat'><strong>11.</strong></span> <span class='ocrx_word' id='word_1_312' title='bbox 1302 3891 1356 3934; x_wconf 91' lang='lat' dir='ltr'><strong>por·</strong></span> 
     </span>
     <span class='ocr_line' id='line_1_39' title="bbox 369 3893 1357 3994; baseline 0.003 -22"><span class='ocrx_word' id='word_1_313' title='bbox 369 3931 451 3974; x_wconf 82' lang='lat' dir='ltr'><strong>raverit</strong></span> <span class='ocrx_word' id='word_1_314' title='bbox 463 3945 488 3988; x_wconf 81' lang='lat' dir='ltr'><strong>g,</strong></span> <span class='ocrx_word' id='word_1_315' title='bbox 504 3944 566 3975; x_wconf 86' lang='lat' dir='ltr'><strong>corr.</strong></span> <span class='ocrx_word' id='word_1_316' title='bbox 582 3932 606 3975; x_wconf 91' lang='lat' dir='ltr'><strong>in</strong></span> <span class='ocrx_word' id='word_1_317' title='bbox 622 3932 788 3987; x_wconf 80' lang='lat' dir='ltr'><strong>presentaverit</strong></span> <span class='ocrx_word' id='word_1_318' title='bbox 802 3944 825 3976; x_wconf 90' lang='lat' dir='ltr'><strong>a.</strong></span> <span class='ocrx_word' id='word_1_319' title='bbox 903 3893 931 3977; x_wconf 54' lang='grc' dir='ltr'><strong>ις.</strong></span> <span class='ocrx_word' id='word_1_320' title='bbox 946 3940 1007 3975; x_wconf 86' lang='lat' dir='ltr'><strong>et-</strong></span> <span class='ocrx_word' id='word_1_321' title='bbox 1022 3933 1176 3976; x_wconf 88' lang='lat' dir='ltr'><strong>ministerium</strong></span> <span class='ocrx_word' id='word_1_322' title='bbox 1191 3933 1215 3976; x_wconf 81' lang='lat' dir='ltr'><strong>in</strong></span> <span class='ocrx_word' id='word_1_323' title='bbox 1232 3944 1311 3994; x_wconf 77' lang='lat' dir='ltr'><strong>marg.</strong></span> <span class='ocrx_word' id='word_1_324' title='bbox 1327 3933 1357 3983; x_wconf 70' lang='lat' dir='ltr'><strong>h:</strong></span> 
     </span>
     <span class='ocr_line' id='line_1_40' title="bbox 370 3982 1356 4040; baseline 0.003 -15"><span class='ocrx_word' id='word_1_325' title='bbox 370 3983 399 4025; x_wconf 77' lang='lat' dir='ltr'><strong>ib.</strong></span> <span class='ocrx_word' id='word_1_326' title='bbox 414 3982 466 4026; x_wconf 89' lang='lat' dir='ltr'><strong>ideo</strong></span> <span class='ocrx_word' id='word_1_327' title='bbox 482 3986 503 4033; x_wconf 84' lang='lat' dir='ltr'><strong>lr,</strong></span> <span class='ocrx_word' id='word_1_328' title='bbox 517 3985 572 4027; x_wconf 87' lang='lat' dir='ltr'><strong>item</strong></span> <span class='ocrx_word' id='word_1_329' title='bbox 587 3985 665 4027; x_wconf 83' lang='lat' dir='ltr'><strong>ceteri.</strong></span> <span class='ocrx_word' id='word_1_330' title='bbox 746 3997 776 4040; x_wconf 87' lang='lat'><strong>17.</strong></span> <span class='ocrx_word' id='word_1_331' title='bbox 791 3986 905 4028; x_wconf 84' lang='lat' dir='ltr'><strong>voluntati</strong></span> <span class='ocrx_word' id='word_1_332' title='bbox 920 3985 998 4029; x_wconf 90' lang='lat' dir='ltr'><strong>divine</strong></span> <span class='ocrx_word' id='word_1_333' title='bbox 1012 3986 1091 4028; x_wconf 78' lang='lat' dir='ltr'><strong>aeteri.</strong></span> <span class='ocrx_word' id='word_1_334' title='bbox 1167 3997 1202 4028; x_wconf 84' lang='lat'><strong>20.</strong></span> <span class='ocrx_word' id='word_1_335' title='bbox 1218 3985 1325 4028; x_wconf 86' lang='lat' dir='ltr'><strong>elleccior</strong></span> <span class='ocrx_word' id='word_1_336' title='bbox 1340 3989 1356 4028; x_wconf 83' lang='grc' dir='ltr'><strong>ι’.</strong></span> 
     </span>
     <span class='ocr_line' id='line_1_41' title="bbox 370 4033 1356 4093; baseline 0.002 -15"><span class='ocrx_word' id='word_1_337' title='bbox 370 4033 403 4078; x_wconf 83' lang='lat'><strong>23.</strong></span> <span class='ocrx_word' id='word_1_338' title='bbox 419 4037 538 4089; x_wconf 88' lang='lat' dir='ltr'><strong>quomodo</strong></span> <span class='ocrx_word' id='word_1_339' title='bbox 553 4038 563 4078; x_wconf 89' lang='lat' dir='ltr'><strong>i</strong></span> <span class='ocrx_word' id='word_1_340' title='bbox 567 4051 576 4088; x_wconf 87' lang='lat'><strong>,·</strong></span> <span class='ocrx_word' id='word_1_341' title='bbox 590 4036 618 4078; x_wconf 78' lang='lat' dir='ltr'><strong>ib.</strong></span> <span class='ocrx_word' id='word_1_342' title='bbox 635 4049 681 4080; x_wconf 88' lang='lat' dir='ltr'><strong>non</strong></span> <span class='ocrx_word' id='word_1_343' title='bbox 698 4037 749 4092; x_wconf 90' lang='lat' dir='ltr'><strong>plus</strong></span> <span class='ocrx_word' id='word_1_344' title='bbox 764 4038 786 4080; x_wconf 83' lang='lat' dir='ltr'><strong>h.</strong></span> <span class='ocrx_word' id='word_1_345' title='bbox 832 4037 867 4079; x_wconf 81' lang='lat'><strong>26.</strong></span> <span class='ocrx_word' id='word_1_346' title='bbox 883 4050 933 4093; x_wconf 89' lang='lat' dir='ltr'><strong>cap.</strong></span> <span class='ocrx_word' id='word_1_347' title='bbox 944 4037 994 4080; x_wconf 91' lang='lat' dir='ltr'><strong>Vos</strong></span> <span class='ocrx_word' id='word_1_348' title='bbox 1010 4038 1099 4092; x_wconf 88' lang='lat' dir='ltr'><strong>spernit</strong></span> <span class='ocrx_word' id='word_1_349' title='bbox 1112 4038 1126 4079; x_wconf 82' lang='grc' dir='ltr'><strong>Ιι</strong></span> <span class='ocrx_word' id='word_1_350' title='bbox 1141 4038 1224 4080; x_wconf 84' lang='lat' dir='ltr'><strong>solum.</strong></span> <span class='ocrx_word' id='word_1_351' title='bbox 1269 4049 1303 4089; x_wconf 85' lang='lat'><strong>²7·</strong></span> <span class='ocrx_word' id='word_1_352' title='bbox 1319 4049 1356 4080; x_wconf 87' lang='lat' dir='ltr'><strong>me</strong></span> 
     </span>
     <span class='ocr_line' id='line_1_42' title="bbox 371 4088 1355 4145; baseline 0.002 -15"><span class='ocrx_word' id='word_1_353' title='bbox 371 4089 461 4142; x_wconf 87' lang='lat' dir='ltr'><strong>spernit</strong></span> <span class='ocrx_word' id='word_1_354' title='bbox 479 4101 523 4132; x_wconf 92' lang='lat' dir='ltr'><strong>om.</strong></span> <span class='ocrx_word' id='word_1_355' title='bbox 543 4088 637 4144; x_wconf 80' lang='lat' dir='ltr'><strong>bcefgh,</strong></span> <span class='ocrx_word' id='word_1_356' title='bbox 655 4090 686 4132; x_wconf 86' lang='lat' dir='ltr'><strong>al.</strong></span> <span class='ocrx_word' id='word_1_357' title='bbox 706 4103 735 4132; x_wconf 91' lang='lat' dir='ltr'><strong>m.</strong></span> <span class='ocrx_word' id='word_1_358' title='bbox 754 4102 785 4141; x_wconf 89' lang='lat' dir='ltr'><strong>a‚·</strong></span> <span class='ocrx_word' id='word_1_359' title='bbox 803 4091 833 4132; x_wconf 83' lang='lat' dir='ltr'><strong>ib.</strong></span> <span class='ocrx_word' id='word_1_360' title='bbox 853 4102 880 4132; x_wconf 82' lang='lat' dir='ltr'><strong>ex</strong></span> <span class='ocrx_word' id='word_1_361' title='bbox 900 4103 946 4145; x_wconf 92' lang='lat' dir='ltr'><strong>quo</strong></span> <span class='ocrx_word' id='word_1_362' title='bbox 961 4091 1010 4143; x_wconf 76' lang='lat' dir='ltr'><strong>celi,</strong></span> <span class='ocrx_word' id='word_1_363' title='bbox 1030 4090 1091 4133; x_wconf 89' lang='lat' dir='ltr'><strong>unde</strong></span> <span class='ocrx_word' id='word_1_364' title='bbox 1110 4090 1188 4132; x_wconf 81' lang='lat' dir='ltr'><strong>ceteri.</strong></span> <span class='ocrx_word' id='word_1_365' title='bbox 1261 4088 1296 4132; x_wconf 86' lang='lat'><strong>30.</strong></span> <span class='ocrx_word' id='word_1_366' title='bbox 1333 4089 1355 4132; x_wconf 92' lang='lat' dir='ltr'><strong>ui</strong></span> 
     </span>
     <span class='ocr_line' id='line_1_43' title="bbox 371 4101 1357 4197; baseline 0.002 -15"><span class='ocrx_word' id='word_1_367' title='bbox 371 4140 446 4196; x_wconf 88' lang='lat' dir='ltr'><strong>qualis</strong></span> <span class='ocrx_word' id='word_1_368' title='bbox 456 4141 530 4196; x_wconf 81' lang='lat' dir='ltr'><strong>hedes.</strong></span> <span class='ocrx_word' id='word_1_369' title='bbox 572 4140 601 4191; x_wconf 83' lang='lat'><strong>31,</strong></span> <span class='ocrx_word' id='word_1_370' title='bbox 613 4140 645 4184; x_wconf 42' lang='lat'><strong>32,</strong></span> <span class='ocrx_word' id='word_1_371' title='bbox 657 4148 777 4185; x_wconf 83' lang='lat' dir='ltr'><strong>assecutus</strong></span> <span class='ocrx_word' id='word_1_372' title='bbox 791 4143 814 4184; x_wconf 81' lang='lat' dir='ltr'><strong>d.</strong></span> <span class='ocrx_word' id='word_1_373' title='bbox 855 4141 888 4184; x_wconf 82' lang='lat'><strong>32.</strong></span> <span class='ocrx_word' id='word_1_374' title='bbox 903 4149 924 4184; x_wconf 88' lang='lat' dir='ltr'><strong>et</strong></span> <span class='ocrx_word' id='word_1_375' title='bbox 939 4155 967 4184; x_wconf 88' lang='lat' dir='ltr'><strong>ex</strong></span> <span class='ocrx_word' id='word_1_376' title='bbox 977 4142 1022 4184; x_wconf 90' lang='lat' dir='ltr'><strong>isto</strong></span> <span class='ocrx_word' id='word_1_377' title='bbox 1033 4148 1095 4185; x_wconf 83' lang='lat' dir='ltr'><strong>textu</strong></span> <span class='ocrx_word' id='word_1_378' title='bbox 1107 4141 1198 4184; x_wconf 89' lang='lat' dir='ltr'><strong>videtur</strong></span> <span class='ocrx_word' id='word_1_379' title='bbox 1208 4141 1279 4185; x_wconf 90' lang='lat' dir='ltr'><strong>michi</strong></span> <span class='ocrx_word' id='word_1_380' title='bbox 1290 4101 1357 4197; x_wconf 47' lang='grc' dir='ltr'><strong>ὥς,</strong></span> 
     </span>
     <span class='ocr_line' id='line_1_44' title="bbox 372 4193 796 4244; baseline 0.005 -10"><span class='ocrx_word' id='word_1_381' title='bbox 372 4193 451 4235; x_wconf 82' lang='lat' dir='ltr'><strong>eodem</strong></span> <span class='ocrx_word' id='word_1_382' title='bbox 465 4194 541 4244; x_wconf 81' lang='lat' dir='ltr'><strong>modo,</strong></span> <span class='ocrx_word' id='word_1_383' title='bbox 555 4195 596 4237; x_wconf 80' lang='lat' dir='ltr'><strong>sed</strong></span> <span class='ocrx_word' id='word_1_384' title='bbox 610 4206 654 4236; x_wconf 87' lang='lat' dir='ltr'><strong>om.</strong></span> <span class='ocrx_word' id='word_1_385' title='bbox 670 4201 731 4237; x_wconf 86' lang='lat' dir='ltr'><strong>textu</strong></span> <span class='ocrx_word' id='word_1_386' title='bbox 748 4195 796 4237; x_wconf 80' lang='lat' dir='ltr'><strong>bed.</strong></span> 
     </span>
    </p>
   </div>
   <div class='ocr_carea' id='block_1_5' title="bbox 421 3723 1122 3779">
    <p class='ocr_par' dir='ltr' id='par_1_5' title="bbox 421 3723 1122 3779">
     <span class='ocr_line' id='line_1_45' title="bbox 421 3723 1122 3779; baseline 0.001 -13"><span class='ocrx_word' id='word_1_387' title='bbox 421 3735 437 3766; x_wconf 86' lang='lat'><strong>1.</strong></span> <span class='ocrx_word' id='word_1_388' title='bbox 457 3723 593 3777; x_wconf 81' lang='lat' dir='ltr'><strong>profecturis</strong></span> <span class='ocrx_word' id='word_1_389' title='bbox 603 3735 635 3772; x_wconf 83' lang='lat' dir='ltr'><strong>ce.</strong></span> <span class='ocrx_word' id='word_1_390' title='bbox 652 3723 818 3777; x_wconf 61' lang='lat' dir='ltr'><strong>prefecturam</strong></span> <span class='ocrx_word' id='word_1_391' title='bbox 834 3724 945 3767; x_wconf 85' lang='lat' dir='ltr'><strong>voluntati</strong></span> <span class='ocrx_word' id='word_1_392' title='bbox 962 3724 1005 3779; x_wconf 85' lang='lat' dir='ltr'><strong>legi</strong></span> <span class='ocrx_word' id='word_1_393' title='bbox 1020 3724 1122 3768; x_wconf 86' lang='lat' dir='ltr'><strong>divinea</strong></span> 
     </span>
    </p>
   </div>
   <div class='ocr_carea' id='block_1_6' title="bbox 373 4335 1357 4471">
    <p class='ocr_par' dir='ltr' id='par_1_6' title="bbox 373 4335 1357 4471">
     <span class='ocr_line' id='line_1_46' title="bbox 428 4335 1357 4405; baseline 0.003 -20"><span class='ocrx_word' id='word_1_394' title='bbox 428 4335 465 4386; x_wconf 82' lang='lat'><strong>15.</strong></span> <span class='ocrx_word' id='word_1_395' title='bbox 484 4337 561 4386; x_wconf 87' lang='lat' dir='ltr'><strong>Rom.</strong></span> <span class='ocrx_word' id='word_1_396' title='bbox 578 4352 615 4401; x_wconf 88' lang='lat'><strong>14,</strong></span> <span class='ocrx_word' id='word_1_397' title='bbox 631 4353 670 4400; x_wconf 86' lang='lat'><strong>22,</strong></span> <span class='ocrx_word' id='word_1_398' title='bbox 686 4339 725 4389; x_wconf 85' lang='lat'><strong>23.</strong></span> <span class='ocrx_word' id='word_1_399' title='bbox 784 4337 821 4387; x_wconf 88' lang='lat'><strong>18.</strong></span> <span class='ocrx_word' id='word_1_400' title='bbox 841 4339 919 4402; x_wconf 89' lang='lat' dir='ltr'><strong>Corp.</strong></span> <span class='ocrx_word' id='word_1_401' title='bbox 933 4339 980 4386; x_wconf 89' lang='lat' dir='ltr'><strong>iur.</strong></span> <span class='ocrx_word' id='word_1_402' title='bbox 997 4339 1013 4400; x_wconf 86' lang='lat' dir='ltr'><strong>l,</strong></span> <span class='ocrx_word' id='word_1_403' title='bbox 1035 4337 1084 4405; x_wconf 83' lang='lat'><strong>594</strong></span> <span class='ocrx_word' id='word_1_404' title='bbox 1102 4342 1136 4401; x_wconf 77' lang='lat' dir='ltr'><strong>(c.</strong></span> <span class='ocrx_word' id='word_1_405' title='bbox 1153 4353 1191 4402; x_wconf 92' lang='lat'><strong>14,</strong></span> <span class='ocrx_word' id='word_1_406' title='bbox 1212 4337 1241 4388; x_wconf 91' lang='lat' dir='ltr'><strong>C.</strong></span> <span class='ocrx_word' id='word_1_407' title='bbox 1254 4336 1307 4403; x_wconf 90' lang='lat' dir='ltr'><strong>8‚q.</strong></span> <span class='ocrx_word' id='word_1_408' title='bbox 1324 4337 1357 4401; x_wconf 87' lang='lat'><strong>1).</strong></span> 
     </span>
     <span class='ocr_line' id='line_1_47' title="bbox 373 4406 607 4471; baseline 0.004 -16"><span class='ocrx_word' id='word_1_409' title='bbox 373 4421 413 4471; x_wconf 89' lang='lat'><strong>27.</strong></span> <span class='ocrx_word' id='word_1_410' title='bbox 434 4407 497 4456; x_wconf 86' lang='lat' dir='ltr'><strong>Luc.</strong></span> <span class='ocrx_word' id='word_1_411' title='bbox 514 4423 552 4469; x_wconf 93' lang='lat'><strong>10,</strong></span> <span class='ocrx_word' id='word_1_412' title='bbox 569 4406 607 4456; x_wconf 82' lang='lat'><strong>16.</strong></span> 
     </span>
    </p>
   </div>
   <div class='ocr_carea' id='block_1_7' title="bbox 0 0 1567 5168">
    <p class='ocr_par' dir='ltr' id='par_1_7' title="bbox 0 0 1567 5168">
     <span class='ocr_line' id='line_1_48' title="bbox 0 0 1567 5168; baseline 0 0"><span class='ocrx_word' id='word_1_413' title='bbox 0 0 1567 5168; x_wconf 95' lang='lat' dir='ltr'><strong> </strong></span> 
     </span>
    </p>
   </div>
  </div>
 </body>
</html>
