3104 5168
155 471 210 526 106
694 478 862 527 Jouxuuis
882 477 1021 527 wxcrxr
1200 457 1281 545 [cae.
1296 474 1360 517 vm.

174 652 326 713 ι1101111111
368 638 499 712 dyaboli,
525 652 556 694 ut
580 656 660 694 nunc
672 638 851 710 suggeritur,
869 639 950 712 quod
961 637 1070 695 virtute
1081 655 1165 695 sacre
1181 637 1360 694 obediencie

168 704 335 799 l‘ssssssassdwffld
368 738 489 799 oportet
521 727 661 782 laborare
696 738 811 781 attente
844 724 1071 782 commiscendo
1105 724 1264 782 mendacia
1302 745 1360 799 pro

157 873 168 902 a
208 810 348 902 minian·
369 812 603 888 appropriandis
620 812 755 870 ecclesiis
771 813 817 868 vel
834 811 1070 885 multiplicandis
1094 812 1272 868 redditibus.
1298 814 1360 869 Sed

172 874 304 956 piiiipofiati
339 876 449 956 bistud
482 913 688 957 commentum
722 899 816 973 patris
855 899 1006 956 mendacii
1038 899 1140 957 statim
1169 899 1360 956 convincitur

151 966 355 1070 iffihiiiii
371 1006 424 1060 per
449 989 505 1044 hoc
530 990 610 1063 quod
645 986 760 1061 precise
784 1000 902 1043 tantum
936 985 1139 1043 obediendum
1164 1001 1208 1044 est
1240 986 1385 1061 privatoi

198 1071 316 1113 ¹⁰d⁰⁵⁰·
371 1074 526 1149 preposito
550 1087 698 1149 quantum
732 1076 805 1130 deus
830 1073 959 1148 precipit
982 1074 1179 1131 conformiter
1202 1073 1260 1148 legi
1294 1092 1358 1130 sue.

371 1164 441 1219 ldeo
464 1164 530 1219 Act.
553 1163 564 1217 5
593 1162 696 1218 dicunt
713 1161 858 1237 apostoli:
883 1160 1026 1218 ‘Obedire
1042 1175 1164 1235 oportet
1181 1159 1277 1234 magis
1301 1163 1359 1217 deo

370 1269 462 1322 quam
484 1249 680 1321 hominibus'‚
705 1248 773 1306 ideo
791 1248 908 1305 videtur
926 1248 1018 1305 michi
1036 1250 1115 1324 quod
1135 1249 1217 1305 missi
1235 1250 1273 1305 ad
1297 1250 1359 1305 tale

368 1336 504 1393 officium
530 1338 704 1410 detegerent
719 1335 879 1393 mendacia
903 1336 1044 1410 Symonis
1062 1351 1091 1394 et
1108 1349 1310 1410 procurarent
1327 1335 1359 1391 in

369 1423 411 1479 eis
435 1424 671 1481 dissoluciouem
701 1423 875 1497 symoniace
908 1423 1081 1498 pravitatis3
1114 1423 1156 1480 sic
1181 1423 1259 1480 enirn
1286 1442 1358 1479 con·
1373 1440 1404 1474 10

368 1511 496 1585 sumpsit
524 1513 660 1568 Thomas
689 1511 828 1568 Didimus
861 1512 1038 1568 thezaurum
1069 1511 1147 1585 regis
1177 1510 1357 1567 Gundofori.

367 1601 453 1655 Nunc
482 1612 583 1655 autem
609 1600 783 1673 blaspheme
808 1598 918 1655 dicitur
941 1602 1024 1673 quod
1048 1618 1128 1673 papa
1152 1597 1357 1674 approprians

366 1686 411 1742 vel
437 1686 649 1743 confirmando
674 1699 725 1742 aut
742 1688 872 1743 tacendo
889 1688 1063 1761 approbans
1080 1705 1116 1743 eo
1133 1685 1200 1759 ipso
1217 1685 1359 1743 licenciat

366 1775 448 1847 quod
473 1773 557 1850 prius
581 1774 636 1829 fuit
670 1773 818 1831 illicitum.
843 1777 919 1830 Nam
946 1774 1026 1831 idem
1051 1774 1129 1830 foret
1162 1775 1220 1830 hoc
1254 1773 1357 1829 dicere

367 1874 394 1916 et
419 1861 518 1935 ipsum
543 1862 685 1918 extollere
710 1880 801 1934 super
826 1862 927 1933 deum,
957 1861 1028 1936 quia
1053 1861 1083 1918 in
1109 1861 1156 1918 die
1181 1880 1240 1936 qua
1265 1879 1358 1916 unus·
1373 1866 1401 1914 15

366 1948 495 2023 quisque
518 1968 595 2006 onus
620 1968 708 2004 suum
734 1948 878 2022 portabit,
903 1968 964 2005 non
989 1948 1143 2005 excusabit
1160 1949 1358 2022 blasphemus

367 2054 451 2092 error
475 2055 554 2111 pape
577 2036 623 2092 vel
648 2035 755 2109 prelati
784 2035 908 2092 alterius
932 2055 992 2110 quo
1017 2056 1048 2093 se
1073 2050 1102 2092 et
1125 2056 1195 2093 suos
1219 2035 1358 2092 subditos

366 2123 450 2180 ducit
483 2122 514 2178 in
546 2124 674 2193 foveam,
708 2125 760 2178 sed
794 2123 868 2179 fides
901 2123 1059 2198 scripture,
1094 2143 1152 2198 que
1176 2137 1221 2180 est
1248 2122 1358 2179 ultima

366 2211 506 2266 voluntas
524 2209 697 2267 testamenti
716 2210 773 2280 dei,
791 2223 820 2266 et
838 2210 998 2284 duplicitas
1020 2211 1173 2268 temerarii
1191 2228 1357 2267 cousensus

367 2299 636 2371 condempnabunt
660 2298 734 2354 tales
757 2297 854 2354 indie
878 2298 1054 2355 novissimo
1087 2303 1164 2355 Nam
1190 2298 1264 2354 false
1288 2317 1357 2370 sug·
1370 2315 1402 2348 20

366 2397 473 2458 gerunt
485 2398 513 2441 et
530 2386 686 2458 dyabolice
703 2384 830 2441 incitant
848 2404 959 2459 papam
970 2386 1016 2442 vel
1027 2387 1178 2460 prelatum
1191 2387 1228 2442 ad
1240 2384 1357 2441 facinus

366 2486 394 2527 et
411 2485 479 2546 post
497 2484 655 2547 tamquam
673 2490 818 2544 precones
835 2472 924 2528 huius
941 2473 1062 2530 sceleris
1079 2475 1233 2548 gravando
1256 2471 1356 2547 ipsum

366 2558 397 2618 in
420 2578 512 2632 opere
538 2559 697 2634 multiplici
727 2573 940 2632 persecuntur:
966 2575 994 2617 et
1017 2563 1099 2636 quod
1132 2561 1190 2618 ista
1224 2578 1287 2615 non
1318 2558 1357 2614 sit

366 2647 524 2703 excusacio
550 2649 601 2702 sed
626 2647 786 2703 accusacio
815 2646 898 2704 novit
931 2647 1018 2704 iudex
1042 2668 1059 2705 a
1084 2647 1168 2705 cuius
1201 2645 1355 2704 sentencia

366 2754 427 2790 non
451 2734 522 2790 licet
546 2733 689 2809 cuiquam
716 2735 882 2808 appellare.
1369 2740 1400 2790 25

147 2832 356 2891 amoni—cannot
412 2821 521 2878 Tereia
545 2822 703 2879 excusacio
727 2821 757 2877 iu
781 2822 913 2894 peccatis
930 2835 984 2893 est,
1009 2825 1090 2896 quod
1109 2821 1278 2880 claustralis
1294 2839 1357 2877 non

149 2884 359 2991 ,dfssssssolffffffilly
371 2908 546 2966 intromittit
570 2929 600 2965 se
625 2914 660 2966 de
678 2907 798 2980 talibus,
817 2912 868 2966 sed
894 2929 961 2965 cum
981 2923 1174 2967 contentatur
1198 2912 1236 2966 de
1252 2907 1357 2987 paucis

206 2989 299 3083 1111113313
370 3016 405 3052 ac
429 3016 519 3070 parce
543 2997 601 3054 vite
624 2996 813 3068 necessariis,
839 2999 945 3053 devote
970 3000 1180 3072 contemplans
1209 3011 1238 3053 et
1266 3014 1358 3053 orans

370 3103 472 3141 coram
504 3085 630 3141 domino
665 3098 824 3142 excusatur
848 3087 921 3140 deus
955 3085 1035 3141 enim
1069 3087 1132 3141 vult
1165 3087 1246 3160 quod
1280 3083 1358 3140 servi

368 3172 412 3227 sui
430 3174 466 3227 de
483 3191 537 3228 suo
555 3172 651 3228 reditu
670 3185 890 3243 sustententur3
915 3173 967 3228 sed
992 3187 1096 3230 caveat
1117 3173 1159 3230 sic
1176 3175 1304 3247 loquens
1320 3172 1358 3227 de
1370 3175 1401 3225 30

368 3259 573 3316 taciturnitate
591 3280 650 3334 qua
668 3259 809 3316 mutescit
825 3279 886 3316 non
904 3262 1153 3334 reprehendendo
1175 3259 1357 3335 prepositos,

419 3457 434 3486 1.
446 3444 530 3487 virtute
541 3445 587 3495 celi,
599 3445 695 3487 virtutes
706 3446 785 3488 celeri.
840 3458 859 3489 2.
872 3459 914 3500 pro
924 3459 968 3489 om.
980 3458 1011 3488 ce.
1066 3445 1085 3489 3.
1098 3446 1267 3490 mortificandis
1282 3441 1358 3500 bcesh,

366 3508 428 3538 corr.
437 3497 459 3538 in
470 3498 591 3551 multiplic.
599 3498 638 3549 ad,
648 3499 770 3551 multiplic.
778 3499 813 3554 gi.
854 3512 877 3550 4.
887 3499 947 3541 istud
958 3499 995 3547 bh,
1003 3499 1058 3541 illud
1068 3500 1142 3542 ceteri
1146 3515 1154 3548 ‚·
1166 3501 1195 3542 ib.
1204 3500 1357 3541 coniunctum

366 3546 439 3604 bceflr.
490 3550 508 3592 5.
521 3562 562 3603 per
573 3562 596 3590 se
606 3557 661 3591 tant.
674 3551 763 3604 cef,·1'b.
773 3551 860 3604 private
870 3563 903 3601 ce,
913 3552 1004 3605 priuato
1013 3563 1056 3593 om.
1066 3553 1098 3606 bf,
1107 3552 1223 3594 aimari.
1274 3551 1296 3593 6.
1306 3562 1358 3604 pre-

366 3602 484 3654 cepitag.
539 3602 559 3642 11.
592 3604 641 3643 nasi
657 3604 720 3644 hom.
736 3603 776 3653 bc,·
790 3604 820 3644 ib.
836 3604 897 3655 quod
910 3603 1053 3659 nullihcefg,
1069 3606 1134 3647 multi
1146 3617 1208 3648 corr.
1224 3605 1247 3646 in
1263 3603 1328 3646 missi
1341 3603 1358 3643 i.

366 3663 392 3710 (1.Ι
404 3653 521 3694 oracionis
535 3614 612 3710 beelg,
629 3666 692 3696 corr.
704 3656 727 3696 in
742 3656 854 3710 Symonis
864 3655 902 3697 ad.
958 3668 984 3698 11.
1000 3655 1108 3698 ludimus
1122 3657 1197 3712 abces,
1212 3657 1321 3698 Adumus
1335 3655 1358 3706 d,

366 3699 450 3764 [dilui
469 3705 549 3747 ceteri.
619 3705 646 3748 13.
670 3708 701 3749 tel
722 3707 821 3749 tacendo
841 3708 917 3763 acegi,
986 3720 1017 3758 14.
1051 3708 1089 3750 uid
1105 3709 1170 3763 prius
1189 3721 1221 3760 ce,
1242 3708 1297 3762 quin
1319 3704 1359 3762 bs,·

365 3757 394 3797 th.
410 3757 498 3799 licitum
514 3755 561 3814 bdf.
631 3759 658 3801 15.
674 3759 696 3800 111
713 3760 749 3800 die
765 3760 804 3800 illo
819 3771 865 3813 quo
879 3760 914 3853 ap,
933 3760 956 3801 iu
977 3760 1017 3802 illo
1034 3721 1074 3802 ite
1089 3773 1135 3815 quo
1150 3761 1169 3813 b,
1185 3761 1207 3802 in
1223 3760 1261 3802 die
1275 3773 1323 3814 quo
1337 3771 1358 3800 e.

367 3821 395 3861 17·
412 3821 467 3850 suos
483 3822 526 3851 om.
547 3808 630 3866 abcefi.
699 3823 731 3866 19.
752 3812 858 3853 voluntas
873 3812 889 3853 d
906 3845 911 3865 ‚
933 3812 1017 3854 volicio
1037 3814 1125 3864 ceteri,·
1143 3814 1174 3855 ib.
1194 3819 1215 3854 et
1234 3824 1278 3855 om.
1299 3814 1311 3855 b

1313 3825 1338 3855 ce

365 3862 395 3902 al.
411 3874 440 3901 m.
455 3873 478 3903 a.
546 3873 580 3903 20.
597 3863 778 3917 condempnabit
793 3865 829 3905 ab.
898 3876 927 3906 21.
949 3871 971 3906 et
990 3864 1124 3916 symoniace
1143 3873 1166 3907 et
1180 3809 1359 3922 dyabolicedff}

365 3913 393 3954 ib.
410 3914 522 3955 suscitant
539 3913 614 3970 abcef,
630 3927 691 3957 corr.
707 3916 730 3957 in
751 3916 847 3958 incitant
866 3917 896 3964 d,-
919 3917 948 3958 ib.
970 3918 1082 3971 populum
1103 3929 1164 3960 corr.
1185 3918 1209 3959 in
1229 3929 1315 3972 papam
1335 3920 1360 3968 i,-

367 3965 396 4007 ib.
413 3967 513 4025 prelatos
529 3967 620 4028 abcsgr'.
683 3979 715 4009 22.
731 3974 778 4009 tam
794 3980 839 4010 om.
854 3968 917 4024 adsi.
981 3969 1012 4012 25.
1029 3971 1159 4024 cuicunque
1173 3981 1206 4012 ce.
1275 3981 1308 4024 27.
1325 3971 1360 4013 in-

365 4024 479 4060 tromittat
495 4021 624 4067 ceter1,·ib.
641 4033 664 4061 se
680 4032 723 4062 om.
741 4020 789 4062 celi.
853 4022 887 4063 28.
904 4021 982 4075 parcis
997 4022 1077 4064 celeri.
1141 4020 1176 4065 30>
1193 4030 1311 4065 sustentur
1325 4021 1357 4080 bs.

418 4149 441 4198 7.
461 4137 518 4183 Act.
534 4134 556 4194 5,
570 4152 594 4201 ς).
654 4153 691 4184 11.
712 4137 751 4185 Cf.
767 4138 886 4197 loserth,
905 4138 1033 4187 Johannis
1047 4140 1131 4204 Wycl.
1151 4142 1302 4202 Sermones,
1317 4142 1358 4203 lll,

364 4202 423 4269 498,
438 4215 462 4252 et
474 4205 532 4252 Carl
546 4207 714 4261 Horstmann.
729 4207 787 4255 The
801 4209 871 4272 earhv
882 4208 964 4257 South
981 4208 1089 4273 English
1104 4211 1257 4277 legendary
1269 4212 1358 4277 (Early

364 4273 473 4337 English
485 4274 552 4322 Text
565 4277 680 4340 Society)
695 4293 719 4340 p.
735 4276 779 4326 381
794 4293 878 4341 seqq,
895 4293 964 4341 qttos
977 4279 1052 4327 locos
1067 4278 1129 4327 mihi
1145 4280 1173 4327 F.
1188 4280 1218 4328 D.
1233 4281 1358 4330 Matthew

363 4344 403 4390 vir
414 4346 581 4393 doctissimus
592 4346 704 4409 benigne
715 4347 929 4395 subministravit.
944 4349 982 4396 lle
997 4350 1112 4413 Didymo
1126 4365 1146 4401 s.
1160 4348 1281 4400 Thomae
1292 4367 1357 4415 apo·

363 4413 423 4461 stoli
436 4416 596 4479 cognomine
610 4415 641 4463 cf.
652 4415 711 4465 Joh.
727 4433 764 4478 11,
780 4415 816 4478 16,
832 4416 866 4465 ib.
879 4433 920 4479 20,
931 4430 965 4481 24
975 4427 1000 4467 et
1011 4433 1051 4479 21,
1064 4433 1087 4467 2·
1152 4418 1189 4468 15.
1202 4421 1285 4471 Galat.
1297 4419 1321 4484 6,
1334 4420 1356 4470 5.
