3104 5168
151 1339 169 1381 lt
184 1338 203 1380 is
218 1337 274 1379 false
289 1337 338 1379 that

173 1403 185 1432 a
200 1389 318 1432 Christian

171 1443 318 1496 community

155 1496 211 1538 does
226 1500 266 1536 not
281 1494 338 1537 need

177 1547 311 1602 preaching.

146 2470 197 2513 Tlte
212 2470 293 2522 higher
307 2470 345 2511 the

190 2524 254 2575 rank,
269 2523 307 2564 tlte

192 2587 257 2616 more
271 2575 309 2616 the

162 2627 343 2682 responsibility.

685 473 854 522 tonaturus
872 472 1012 521 wtctrr
1188 453 1270 537 [cnr.
1286 469 1348 513 vui.

359 631 643 703 deterioracionem,
678 633 729 688 sed
763 632 860 688 solum
894 634 932 688 ad
957 630 1082 688 ecclesie
1115 631 1348 689 edificacionem

359 721 531 793 procedere.
571 722 647 777 Cum
694 738 765 792 ergo
812 733 881 775 ante
927 719 1215 792 appropriacionem
1262 731 1349 776 erant

358 807 448 862 simul
481 807 511 862 in
535 805 732 881 appropriata
765 806 891 862 ccclesia
924 819 986 862 tam
1020 820 1119 863 rector
1152 826 1244 882 quam
1283 807 1349 863 eius

358 893 488 951 vicarius
521 907 661 950 curantes
695 905 723 949 et
756 905 914 967 pascentes
947 893 1084 950 subditos
1117 913 1197 966 sum,
1221 906 1254 950 ut
1278 913 1349 968 sup-

359 1001 451 1056 pono,
477 1001 548 1056 ergo
572 1001 634 1037 non
667 980 737 1037 licet
773 981 889 1037 homini
923 981 986 1037 sine
1020 999 1218 1055 recompensa
1242 983 1375 1038 curam5

360 1069 485 1126 rectoris
523 1069 710 1125 subtrahere.
750 1067 861 1124 Oracio
907 1068 986 1124 enim
1031 1068 1203 1142 specialiter
1248 1087 1350 1143 symo-

359 1156 439 1213 niaci
472 1176 533 1213 non
566 1168 665 1230 potest
698 1155 869 1230 equivalere
904 1155 1006 1212 officio
1044 1156 1233 1230 predicandi,
1276 1155 1350 1231 quia

360 1255 432 1301 tunc
456 1245 529 1300 deus
553 1243 664 1300 frustra
687 1242 842 1299 ordinaret
866 1241 1121 1316 predicacionem.

404 1334 466 1387 Nec
490 1332 568 1387 valet
593 1330 702 1388 ficticia
736 1349 796 1404 qua
829 1329 940 1386 dicitur
964 1332 1046 1405 quod
1071 1350 1152 1387 nunc
1175 1328 1350 1404 predicacio

361 1418 530 1491 superfluit,
567 1437 635 1475 cum
670 1416 873 1474 communitas
906 1417 978 1474 satis
1002 1417 1085 1474 novit
1110 1418 1200 1474 fidem
1226 1416 1350 1488 Christi,
1366 1433 1396 1467 ro

361 1505 431 1580 quia
454 1505 578 1561 indubie
602 1504 644 1561 illi
669 1504 721 1580 qui
739 1504 795 1561 ista
820 1504 925 1578 ignare
942 1504 1122 1562 balbuciunt
1139 1518 1209 1561 sunt
1226 1503 1351 1579 perfidis

361 1591 526 1648 deteriores
538 1606 566 1649 et
584 1593 685 1648 fideles
696 1592 943 1666 ewangelisantes
956 1592 1165 1650 conclusiones
1183 1590 1352 1648 katholicas

361 1692 522 1755 sequentes
557 1698 590 1736 ex
623 1678 782 1754 principiis
816 1680 884 1737 fidei
918 1694 1134 1755 persequentes
1167 1679 1198 1735 in
1231 1692 1352 1737 tantum

362 1769 443 1840 quod
467 1787 528 1823 non
552 1769 679 1824 credunt
702 1766 733 1822 in
757 1769 862 1837 deum3
887 1767 956 1824 ideo
985 1787 1141 1843 nunquam
1167 1766 1221 1824 fuit
1255 1767 1353 1823 maior

362 1855 524 1911 necessitas
542 1855 632 1912 fidem
651 1854 835 1911 katholicam
854 1855 1038 1928 predicandi.
1058 1859 1130 1912 ltem
1156 1855 1237 1912 iuxta
1261 1855 1352 1911 istam
1370 1852 1397 1902 ¹5

362 1941 525 1999 stulticiam
561 1943 721 2016 episcopus
755 1955 784 1999 et
815 1961 896 2016 papa
920 1942 1019 1998 forent
1044 1941 1173 1999 maxime
1198 1941 1353 1999 exonerati

362 2048 475 2086 acura
500 2029 571 2104 quia
605 2048 657 2103 per
691 2048 741 2084 eos
774 2048 846 2085 cura
870 2028 967 2086 tocius
999 2029 1104 2103 populi
1130 2029 1300 2086 rectoribus
1325 2042 1354 2084 et

361 2115 482 2172 vicariis
499 2116 681 2190 partibiliter
698 2130 742 2171 est
759 2116 921 2172 commissa
939 2129 967 2172 et
984 2117 1026 2172 sic
1044 2116 1205 2192 episcopus
1228 2130 1257 2173 et
1274 2135 1354 2190 papa

363 2202 444 2259 iuxta
468 2202 756 2277 interpretacionem
792 2203 838 2259 sui
871 2202 1004 2259 nominis
1037 2203 1193 2278 privarent
1217 2222 1249 2261 se
1273 2203 1355 2277 ipsos

364 2289 519 2364 episcopio
544 2305 572 2347 et
596 2303 718 2364 papatu.
744 2292 802 2347 Sed
828 2291 1028 2347 deliramenta
1052 2304 1121 2347 sunt
1145 2292 1217 2360 ista3
1243 2293 1401 2347 habent20

365 2376 444 2432 enim
470 2397 549 2450 papa
575 2389 602 2433 et
627 2377 786 2451 episcopus
811 2391 839 2432 et
863 2392 962 2434 rector
987 2390 1015 2434 et
1038 2378 1167 2435 vicarius
1189 2398 1293 2436 curam
1318 2380 1356 2434 de

364 2463 469 2521 ovibus
492 2479 519 2521 et
540 2464 678 2538 superior
702 2466 769 2538 plus
793 2478 926 2536 curatur,
950 2480 983 2521 ut
1007 2467 1091 2537 deus,
1115 2466 1163 2522 cui
1188 2467 1356 2522 secundum

366 2551 566 2625 philosophos
600 2566 643 2608 est
676 2571 748 2608 cura
781 2554 818 2607 de
851 2553 1001 2624 omnibus,
1034 2553 1104 2609 licet
1137 2553 1284 2628 equivoce
1313 2564 1358 2608 est

366 2638 494 2694 maxime
519 2653 649 2695 curatus.
675 2641 761 2695 Unde
785 2642 865 2714 quod
890 2642 963 2695 deus
987 2653 1073 2697 curat
1098 2641 1236 2697 homines
1260 2639 1359 2696 innuit

365 2726 520 2799 apostolus
547 2747 554 2781 1
578 2728 647 2783 Cor.
674 2746 690 2799 9
716 2745 859 2801 querens:
884 2727 1050 2801 ‘Numquid
1076 2730 1132 2786 deo
1156 2748 1228 2785 cura
1254 2741 1297 2784 est
1321 2728 1359 2783 de
1371 2730 1402 2782 25

365 2815 489 2869 bobus?'
530 2816 615 2871 Unde
640 2814 688 2869 ille
717 2833 854 2870 summus
888 2828 992 2887 pastor
1015 2814 1156 2888 dignatus
1180 2829 1224 2873 est
1248 2817 1360 2871 habere

366 2900 502 2957 homines
526 2901 555 2957 in
580 2901 821 2975 ewangelisando
850 2903 963 2975 populo
997 2903 1181 2973 adiutores;·
1205 2923 1212 2957 1
1243 2905 1313 2959 Cor.
1342 2902 1355 2956 3

366 2988 469 3043 scribit
494 2991 664 3062 apostolus:
691 2989 755 3045 ‘Dei
781 2989 859 3044 enim
879 2989 1032 3045 adiutores
1050 2991 1209 3061 summus,’
1235 3002 1264 3045 et
1289 2989 1358 3044 ideo

365 3075 443 3131 sicut
468 3078 540 3132 deus
558 3076 639 3149 eligit
657 3077 751 3149 magis
768 3078 901 3149 ydoneos
920 3076 1082 3143 adiutores,
1107 3077 1149 3133 sic
1166 3079 1255 3133 debet
1280 3075 1358 3150 epis·

366 3181 461 3236 copus
479 3164 601 3219 sciendo
619 3166 700 3238 quod
718 3165 774 3220 fert
791 3183 867 3219 onus
884 3163 979 3220 curati
998 3164 1041 3219 sui
1057 3178 1085 3220 et
1102 3164 1238 3220 omnium
1253 3163 1356 3220 ovium
1371 3165 1403 3215 30

366 3268 505 3317 suarum;
531 3250 599 3307 ideo
629 3253 716 3307 debet
749 3251 920 3307 examinare
950 3251 1109 3324 diligenter
1139 3264 1278 3308 curatum
1308 3249 1358 3308 cui

366 3356 470 3394 curam
489 3338 651 3394 comiserat
667 3338 791 3394 sciendo
803 3341 884 3412 quod
902 3352 1026 3411 propter
1041 3339 1186 3395 maiorem
1205 3339 1357 3395 defectum

366 3425 410 3480 sui
436 3425 538 3481 vicarii
562 3425 619 3480 fert
643 3425 762 3499 gravius
786 3439 814 3481 et
845 3438 969 3499 propter
998 3425 1226 3500 diligenciorem
1252 3445 1356 3483 curam

366 3511 411 3567 sui
437 3512 528 3568 officii
551 3512 749 3568 tollerabilius
772 3512 951 3586 suportabit.
969 3515 1057 3569 Unde
1075 3527 1149 3569 nota
1168 3513 1358 3570 infidelitatis

419 3763 435 3792 i.
451 3751 505 3792 eccl.
521 3750 558 3792 dei
573 3750 628 3792 edis.
643 3751 676 3806 gi.
744 3763 766 3802 4.
783 3763 838 3792 suos
853 3762 897 3792 om.
913 3750 934 3792 lt.
1002 3751 1024 3793 6.
1040 3751 1091 3792 sub.
1113 3762 1157 3792 om.
1180 3762 1219 3802 ce;
1240 3751 1270 3793 ib.
1294 3751 1357 3794 enim

367 3809 387 3844 et
403 3816 438 3856 sp.
454 3805 531 3845 ceteri.
594 3802 902 3857 6‚7.smorriacaabdgi.
965 3803 986 3844 8.
1001 3805 1088 3845 trustra
1103 3804 1161 3844 deus
1175 3815 1207 3845 ce.
1270 3816 1357 3846 rono-

367 3856 476 3897 veritab.
531 3856 671 3910 rr.quodin
692 3856 760 3909 agi.
816 3854 844 3896 13.
861 3869 888 3896 ex
916 3855 974 3897 rinc.
987 3855 1025 3897 tid.
1038 3857 1355 3916 perseqpostnecessitasr'.

367 3907 396 3950 15.
413 3907 451 3949 ild.
468 3909 529 3949 katli.
552 3907 702 3950 combinandi
722 3920 785 3949 corr.
805 3907 828 3948 in
850 3920 889 3960 pre
909 3908 936 3949 ic.
956 3920 978 3954 α,
1004 3908 1122 3950 breviandi
1151 3939 1155 3955 ,
1177 3908 1239 3950 bret.
1255 3920 1318 3950 corr.
1333 3908 1357 3949 in

368 3960 453 4014 predic.
470 3961 491 4001 d.
560 3960 591 4001 ill.
608 3960 745 4013 partibiliter
759 3971 822 4001 corr.
838 3971 867 4001 ex
886 3960 1056 4014 particulariter
1075 3973 1104 4011 a;
1123 3961 1133 4002 ι’
1148 3995 1152 4001 .
1168 3959 1303 4014 episcopatu
1319 3972 1355 4005 ae.

367 4024 429 4055 corr.
445 4013 468 4053 in
483 4012 604 4065 episcopio
618 4026 643 4068 g.
707 4023 742 4053 20.
758 4013 887 4064 superista
901 4014 916 4054 i.
980 4024 1009 4054 21.
1026 4020 1046 4054 et
1061 4018 1117 4055 ante
1131 4014 1203 4067 episc.
1218 4024 1263 4054 om.
1278 4013 1358 4063 abcei;

367 4065 396 4106 ib.
412 4070 433 4105 et
447 4069 502 4106 ante
517 4072 571 4105 rect.
586 4076 630 4105 om.
646 4065 667 4105 lr.
722 4075 754 4105 22.
770 4071 834 4105 curat
849 4064 924 4121 abfgi.
980 4063 1059 4116 23,24.
1076 4077 1137 4107 max.
1149 4079 1168 4107 e.
1180 4066 1195 4107 i.
1251 4065 1283 4108 25.
1299 4064 1355 4108 Cor.

367 4117 398 4158 al.
414 4128 442 4157 m.
458 4118 487 4165 Ιι,·
502 4117 530 4159 ib.
547 4117 590 4157 deo
605 4118 635 4159 al.
651 4129 680 4158 m.
696 4117 724 4165 Ιι,·
740 4118 769 4158 r'b.
785 4124 818 4157 est
834 4130 888 4159 cura
904 4117 982 4159 celeri.
1038 4118 1073 4161 26.
1090 4125 1170 4171 pastor
1181 4118 1216 4161 eli.
1233 4125 1354 4171 pastorum

367 4170 445 4211 ceteri.
501 4181 533 4221 27.
549 4171 583 4211 28.
600 4182 607 4211 r
623 4169 678 4212 Cor.
693 4192 718 4199 -
733 4170 804 4210 adiut.
820 4171 851 4211 al.
866 4183 894 4210 m.
911 4171 950 4212 ad.
1012 4169 1046 4213 28.
1063 4171 1124 4212 enim
1140 4182 1185 4212 om.
1200 4171 1223 4221 d,
1239 4171 1271 4212 al.
1287 4183 1316 4211 m.
1332 4170 1356 4212 lt.

367 4232 402 4274 29.
422 4222 484 4275 eligit
504 4223 538 4265 cli.
558 4222 624 4275 elegit
645 4222 723 4263 ceteri.
791 4220 825 4263 30.
846 4222 889 4263 fert
907 4224 928 4267 lr.
949 4234 1011 4264 corr.
1027 4234 1056 4264 ex
1074 4222 1134 4264 foret
1153 4223 1175 4269 d.
1196 4224 1256 4264 foret
1275 4223 1355 4264 ceteri.

368 4272 402 4324 34.
419 4281 472 4316 nota
487 4275 517 4315 al.
533 4286 561 4315 m.
578 4274 617 4323 ad,
633 4287 677 4315 om.
693 4273 731 4330 Ψ,-
745 4275 773 4315 ib.
790 4274 914 4316 infidelitas
929 4274 961 4329 lis.

420 4401 489 4450 25.1
510 4400 570 4449 Cor.
589 4416 614 4467 9,
633 4416 657 4467 9.
731 4415 770 4466 27.
790 4401 799 4448 l
820 4401 881 4449 Cor.
902 4403 925 4462 3,
948 4416 972 4466 9.
