3104 5168
689 487 857 536 iohannis
879 486 1015 536 tvi'ctrr
1188 469 1269 552 [car.
1283 482 1349 526 vm.

362 650 526 719 Quomodo
550 667 661 720 corpus
685 646 796 703 Christi
820 649 940 702 tradere
964 648 1010 703 vel
1034 647 1173 720 accipere
1204 649 1349 719 possunt?

363 736 421 805 Qui
447 735 624 792 maledictus
649 748 692 790 est
721 734 898 790 benedicere
933 735 1088 808 quomodo
1121 734 1240 807 potest,'
1275 736 1347 791 ldeo

364 838 395 879 ut
419 821 479 878 dixi
512 821 650 896 superius
683 841 716 877 ex
751 820 926 877 testimonio
958 820 1104 878 Jeronimi
1138 835 1166 876 et
1198 822 1348 895 Gregorii,

363 909 539 967 benediccio
563 909 668 965 talium
695 923 738 965 est
771 907 888 964 nociva.
922 907 1006 965 Sicut
1039 908 1119 964 enim
1154 909 1347 971 blasfemant.

159 1008 318 1069 1Τηεγὴιοεξ
363 1000 445 1072 quod
491 997 628 1054 Christus
668 995 875 1052 benedicendo
915 1015 1024 1069 panem
1063 995 1161 1069 ipsum
1202 996 1376 1053 destruxit5

158 1063 340 1167 ¹1¹ffi¹sci¹1'{,’„¹,‘},s
364 1085 482 1159 penitus
506 1087 544 1141 ad
567 1103 630 1140 non
655 1102 728 1153 esse,
746 1082 788 1139 sic
806 1082 988 1139 benedicunt
1005 1084 1151 1157 populum
1170 1085 1349 1140 adsensum

181 1167 317 1209 isacurse.
364 1172 523 1243 ironicum,
554 1173 610 1228 hoc
640 1186 684 1227 est
708 1172 745 1227 ad
770 1190 891 1226 sensum
915 1170 1016 1227 uxoris
1040 1172 1095 1227 Job
1113 1172 1259 1243 (secundo
1284 1170 1349 1227 eius

363 1259 519 1332 capitulo),
544 1259 657 1332 populo
683 1257 875 1317 maledicunt.
900 1261 935 1314 Et
960 1258 1040 1314 idem
1065 1270 1108 1314 est
1140 1257 1284 1314 iudicium
1312 1260 1349 1314 de

363 1364 545 1421 quocunque
584 1365 662 1419 papa
700 1344 875 1419 symoniaco
914 1365 974 1419 quo
1011 1352 1049 1401 ad
1088 1364 1209 1401 omnem
1243 1363 1349 1402 conse-

364 1433 535 1490 cracionem
561 1433 695 1506 episcopi
723 1433 768 1490 vel
797 1451 887 1488 omne
916 1452 993 1506 opus
1022 1435 1104 1507 quod
1132 1445 1204 1488 tunc
1232 1433 1394 1489 feceritro

363 1521 394 1577 Si
419 1540 490 1594 ergo
515 1522 681 1576 secundum
707 1521 787 1593 leges
811 1533 1003 1594 satraparum
1037 1518 1197 1576 deficiente
1229 1520 1348 1592 prelato

363 1607 522 1681 superiori,
548 1627 616 1663 cum
640 1607 678 1663 sit
703 1607 875 1664 essencialis
898 1609 975 1663 ordo
999 1607 1078 1663 inter
1103 1607 1201 1680 ipsum
1227 1620 1255 1662 et
1279 1626 1348 1680 pre·

362 1696 457 1752 latum
481 1696 526 1751 vel
550 1697 739 1751 sacerdotem
763 1694 929 1766 subditum,
964 1693 1187 1750 ministrantem
1224 1712 1348 1751 necesse

363 1796 406 1838 est
441 1801 559 1838 cassare
591 1782 725 1838 officium
759 1782 881 1853 subditi,
929 1781 1018 1855 pauci
1052 1781 1098 1838 vel
1136 1780 1211 1837 nulli
1249 1782 1348 1837 forent

362 1869 531 1943 presbiteri,
565 1869 636 1943 quia
675 1867 716 1924 illi
757 1869 854 1925 forent
894 1888 946 1943 per
984 1869 1117 1942 prelatos
1155 1868 1393 1942 symoniacoer

362 1956 512 2030 procreati
538 1969 566 2012 et
588 1955 631 2013 sic
656 1956 788 2030 perirent
812 1955 844 2011 in
867 1957 993 2013 ecclesia
1018 1955 1218 2013 sacerdotalia
1246 1975 1348 2012 sacra-

363 2057 473 2100 menta.
513 2047 574 2100 Nec
613 2044 690 2099 valet
731 2043 851 2116 fingere,
891 2045 972 2117 quod
1011 2045 1084 2098 deus
1120 2056 1217 2099 mutat
1250 2044 1347 2117 legem

361 2131 552 2204 operacionis
576 2150 627 2186 sue
652 2132 688 2187 ad
715 2129 906 2201 instanciam,
941 2132 978 2186 ad
1003 2129 1163 2187 deffectum
1192 2130 1238 2186 vel
1261 2150 1349 2203 roga-

362 2232 425 2274 tum
451 2218 517 2274 talis
541 2217 708 2274 sacerdocii
735 2217 897 2289 maledicti,
923 2217 994 2291 quia
1011 2217 1106 2291 gratis
1130 2219 1181 2273 dat
1202 2217 1347 2291 graciam,

360 2325 422 2362 non
446 2325 501 2379 pro
518 2304 678 2379 temporali
703 2305 797 2376 lucr0,
814 2307 866 2360 sed
884 2304 1034 2361 subtrahit
1051 2304 1169 2361 dicente
1185 2304 1348 2361 Ambrosio
1359 2325 1393 2358 ao

363 2406 393 2448 ut
421 2393 565 2448 recitatur
589 2392 619 2447 in
644 2392 772 2448 decretis
808 2392 859 2448 ubi
894 2411 999 2465 supra:
1037 2393 1124 2447 ‘Cum
1155 2391 1348 2448 ordinaretur
1392 2400 1396 2406 '

362 2479 531 2554 episcopuS,
557 2482 639 2553 quod
663 2479 745 2536 dedit
770 2499 877 2536 aurum
903 2479 967 2550 fuit,
994 2481 1073 2553 quod
1092 2478 1224 2553 perdidit
1245 2479 1348 2535 anima

362 2567 432 2637 iuit3
457 2587 525 2624 cum
551 2567 643 2623 alium
661 2566 791 2638 ordinat,
818 2569 900 2640 quod
917 2566 1034 2640 accepit
1051 2585 1157 2622 aurum
1175 2565 1240 2637 fuit,
1266 2568 1348 2640 quod

363 2654 446 2710 dedit
469 2654 552 2728 lepra
576 2653 651 2710 fuit.'
681 2656 751 2710 Ideo
776 2653 913 2728 cogimur
948 2672 1058 2727 negare
1091 2653 1229 2710 ordinem
1263 2653 1347 2710 illum

155 2749 234 2793 Christ
249 2750 345 2793 ordaius
365 2741 559 2798 essenciaiem
583 2741 661 2797 iuter
694 2742 826 2815 prelatos
865 2754 985 2797 nostros
1024 2754 1052 2796 et
1090 2760 1161 2797 suos
1200 2740 1392 2811 subditos,25

146 2802 353 2898 whoqrcqffinow
364 2849 434 2903 ymo
459 2828 666 2885 deficientibus
689 2828 747 2884 ilIis
771 2841 803 2884 ut
828 2828 908 2884 cifris
933 2826 1070 2884 Christus
1094 2827 1215 2884 ordinat
1243 2846 1349 2901 quern-

363 2935 492 2991 cunque,
518 2918 796 2991 quomodocunque
821 2929 849 2971 et
873 2917 1118 2989 quandocunque
1141 2914 1278 2971 voluerit.
1310 2917 1347 2970 Et

363 3004 432 3060 hinc
456 3003 551 3060 sciens
576 3021 692 3059 errores
717 3003 785 3058 illos
818 3003 935 3058 futuros
960 3002 990 3059 in
1024 3002 1161 3075 ecclesia,
1194 3001 1348 3058 ordinavit

362 3092 516 3165 apostolos
541 3110 610 3146 suos
644 3090 802 3164 episcopos
836 3102 973 3163 tempore
1008 3102 1036 3146 et
1069 3091 1167 3146 forma
1191 3088 1278 3146 nobis
1303 3088 1347 3144 in-

362 3178 499 3252 cognitis,
524 3190 556 3233 ut
573 3177 725 3234 discamus
741 3177 787 3233 rel
804 3177 846 3233 sic
864 3195 925 3233 non
942 3177 1032 3232 nimis
1050 3176 1199 3250 apreciari
1216 3176 1347 3250 solemp-
1359 3180 1392 3229 30

361 3267 470 3322 nitates
495 3285 569 3339 quas
598 3265 808 3321 adinvenimus
837 3264 1035 3320 sacramentis
1059 3283 1114 3320 nec
1143 3263 1232 3319 nimis
1261 3282 1347 3337 pom-

362 3372 433 3426 pare
467 3354 503 3408 de
543 3351 740 3425 dignitatibus
780 3353 946 3408 secundum
979 3370 1054 3425 quas
1088 3370 1120 3407 ex
1153 3349 1347 3407 institucione

361 3441 493 3496 humana
507 3439 678 3495 excedimus
693 3439 799 3496 fratres
816 3452 946 3495 nostros·
960 3441 1112 3514 Sequatur
1123 3456 1194 3512 ergo
1204 3439 1346 3494 sacerdos

360 3526 513 3583 Christum
539 3526 569 3582 in
587 3526 722 3583 moribus
739 3539 767 3582 et
785 3545 889 3582 secure
914 3529 950 3582 de
974 3526 1040 3600 ipso
1065 3538 1162 3600 potest
1184 3525 1346 3594 confidere,

411 3776 425 3804 r.
443 3763 570 3817 Quomodo
589 3787 614 3793 -
633 3770 732 3816 possunt
750 3775 793 3804 ona
805 3775 830 3816 g.
846 3763 905 3804 Ante
920 3775 999 3817 quom.
1011 3775 1097 3816 corpus
1113 3761 1171 3804 haec
1183 3766 1236 3804 sunt
1250 3761 1345 3813 omissa,

359 3817 453 3870 quaein
465 3815 559 3858 decreto
570 3817 696 3869 leguntur:
711 3815 806 3857 Etcum
822 3816 844 3857 in
862 3814 948 3857 Christi
964 3827 1063 3869 corpore
1078 3827 1123 3856 non
1140 3821 1200 3856 sunt.
1255 3812 1275 3855 2¹.
1285 3813 1347 3856 Jere·

360 3869 405 3909 mie
414 3870 448 3921 gi,
504 3869 525 3909 6.
537 3870 648 3921 populum
659 3870 678 3913 h.
688 3880 750 3909 corr.
760 3880 788 3908 ex
797 3869 884 3919 populo
892 3869 914 3919 d,
925 3869 1011 3921 populo
1020 3868 1099 3915 celeri,
1111 3879 1166 3920 pop.
1179 3866 1270 3920 penitus
1281 3865 1345 3922 ahgi.

360 3933 380 3974 7,
396 3922 416 3962 8.
433 3933 478 3962 sec.
501 3933 520 3961 e.
544 3933 593 3974 cap.
616 3924 639 3973 h,
660 3922 690 3961 al.
716 3933 744 3961 m.
767 3920 789 3973 d,
812 3933 856 3962 (arn.
879 3921 959 3962 veteri.
1015 3932 1046 3969 14.
1067 3931 1157 3961 cessare
1176 3931 1198 3963 a.
1220 3918 1305 3960 cessari
1325 3930 1345 3960 c.

361 3987 391 4024 nr,
414 3973 441 4015 15.
463 3974 538 4014 forent
558 3997 580 4001 ·—
602 3973 634 4014 iili
650 3985 693 4015 om.
703 3972 725 4028 s
741 4004 745 4012 .
827 3973 858 4013 ni.
880 3984 926 4025 pro
951 3972 1079 4014 sacerdot:
1109 3971 1285 4013 sacramentalia
1301 3968 1346 4024 fg,

360 4025 448 4067 sacerd.
464 4026 495 4066 al.
510 4037 538 4066 m.
554 4025 593 4066 ud.
662 4025 684 4066 ru
707 3985 738 4067 aii
751 4025 867 4066 iusticiam
884 4026 904 4065 h.
971 4035 1006 4066 ao.
1023 4036 1068 4065 non
1084 4035 1128 4065 om.
1144 4022 1204 4079 aces.
1226 4023 1258 4080 ul,
1273 4035 1301 4064 nr.
1317 4023 1347 4071 d‚·

359 4078 387 4119 ib.
403 4077 517 4119 abstrahit
532 4077 608 4119 celeri.
664 4088 695 4118 22.
714 4077 839 4131 perdiderit
855 4077 877 4117 1.
932 4089 967 4127 aa.
984 4077 1014 4118 ill.
1032 4075 1083 4118 ord.
1100 4077 1177 4118 ceteri.
1232 4082 1266 4117 20.
1281 4075 1346 4116 cifris

358 4127 437 4185 befgh.
453 4141 515 4172 corr.
531 4130 554 4170 in
570 4129 619 4171 eihs
633 4129 672 4179 ad,
688 4131 769 4180 cirisi,
789 4129 839 4171 cit'ri
855 4142 874 4171 c.
955 4140 988 4181 ²7·
1009 4128 1197 4182 quandocunque
1216 4127 1239 4180 h,
1260 4139 1304 4169 om.
1320 4126 1345 4182 f,

359 4188 564 4236 quantumcunque
584 4194 645 4223 corr.
662 4194 690 4224 ex
708 4183 826 4236 qualiterc.
847 4194 869 4230 a,
893 4182 924 4223 ul.
945 4194 973 4222 m.
993 4181 1016 4233 d,
1038 4188 1246 4234 quantumcunque
1265 4179 1344 4221 ceteri.

359 4235 393 4276 28.
409 4234 466 4276 istos
481 4246 571 4276 errores
586 4235 664 4277 ceteri.
748 4233 784 4276 30.
799 4235 917 4288 apreciare
931 4233 980 4289 agi.
1065 4232 1099 4284 34.
1117 4240 1164 4286 pot.
1180 4231 1202 4274 d.
1218 4232 1250 4286 ip.
1266 4233 1345 4273 ceteri.

413 4376 436 4424 7.
454 4360 512 4409 Job.
533 4375 556 4421 2,
580 4375 618 4424 19·
699 4361 739 4411 23.
760 4361 838 4424 Corp.
858 4361 905 4409 inr„
926 4374 982 4407 ean.
1003 4360 1077 4407 beer.
1096 4374 1118 4406 e.
1136 4373 1173 4419 14,
1193 4358 1222 4406 C.
1242 4358 1259 4418 i,
1280 4372 1306 4421 q.
1325 4373 1345 4405 r.

360 4430 516 4495 (Friedberg
536 4432 552 4492 i,
573 4429 642 4496 359.)
