3104 5168
692 457 860 508 JOHANNIS
882 456 1018 506 WYCLIF
1226 437 1306 523 lene.
1321 451 1352 494 v.

364 619 507 694 pensione
553 617 662 690 servili,
714 636 785 691 ergo
829 637 890 674 non
936 619 1024 674 debet
1069 630 1193 691 propter
1239 631 1354 675 statuta

148 719 251 777 laymen
269 719 353 762 should
364 706 486 782 papalia
519 725 536 763 a
568 705 620 762 tali
652 705 790 762 libertate
819 704 970 776 excidere;
1010 723 1044 761 eo
1074 724 1145 779 ergo
1173 705 1353 763 vendicante

209 771 291 815 defend

156 824 296 868 themselves
312 824 340 879 by

168 876 332 931 withdrawlng

178 929 238 972 their
253 930 320 972 alms.

364 793 420 851 sibi
458 793 504 850 vel
542 812 595 849 suo
635 792 775 866 complici
814 793 928 866 primos
960 793 1084 864 fructus,
1124 793 1226 866 laycus
1264 795 1354 850 debet

365 879 544 939 elemosinas
573 900 641 937 suas
670 882 856 938 subtrahere.
886 883 922 937 Et
947 879 1021 936 illud
1045 879 1222 937 confirmavi
1246 880 1354 938 diffuse

364 968 452 1039 alias;
491 987 547 1024 nec
575 967 707 1025 occurrit
736 967 840 1042 apcius
872 967 1051 1040 remedium,
1086 969 1167 1041 quod
1195 967 1382 1025 brachium5

364 1058 498 1113 seculare
526 1069 645 1112 tenetur
674 1055 778 1129 exequi
808 1069 914 1112 contra
947 1054 1130 1112 extorsiones
1163 1055 1354 1128 symoniacas

364 1141 541 1201 antichristi.
591 1145 677 1199 Unde
716 1142 881 1199 Cestrensis
924 1142 1001 1198 libro
1034 1145 1096 1212 Vll,
1141 1141 1274 1216 capitulo
1315 1144 1354 1214 34

363 1245 467 1288 narrat
496 1231 532 1286 de
561 1229 708 1304 Gregorio
731 1232 766 1301 X,
800 1232 881 1304 quod
914 1229 1003 1287 tertio
1036 1242 1165 1304 papatus
1197 1229 1243 1286 sui
1273 1249 1354 1287 anno

365 1316 525 1375 celebravit
559 1316 720 1374 concilium
754 1317 785 1374 in
817 1336 878 1391 quo
912 1318 1033 1374 fuerunt
1067 1319 1127 1374 600
1163 1316 1296 1392 episcopi
1325 1331 1354 1375 et
1433 1325 1438 1334 ’

370 1423 444 1462 1000
468 1404 577 1479 prelati
601 1418 674 1478 aput
699 1406 880 1478 Lugdunum
905 1405 1001 1462 Gallie
1024 1404 1126 1479 ibique
1151 1404 1255 1462 statuit
1278 1405 1398 1461 illudio

365 1491 481 1566 insigne
499 1503 527 1549 et
544 1511 561 1548 a
578 1505 658 1549 retro
675 1491 783 1549 seculis
800 1491 965 1564 insolitum,
991 1494 1072 1566 quod
1092 1510 1197 1549 omnes
1221 1505 1354 1549 rectores

365 1580 464 1636 curati
489 1580 629 1653 deinceps
654 1580 752 1637 forent
775 1581 957 1636 sacerdotes
997 1579 1108 1637 Statuit
1142 1579 1237 1635 eciam
1271 1582 1355 1654 quod

364 1666 439 1723 nulli
472 1667 630 1724 hominum
655 1669 692 1723 de
716 1679 816 1724 cetero
849 1666 952 1724 liceret
976 1666 1109 1724 decimas
1133 1685 1202 1723 suas
1226 1668 1264 1723 ad
1288 1667 1356 1724 libi-

365 1768 429 1810 tum
462 1774 550 1812 suum
584 1738 774 1812 sicut'antea
807 1753 969 1828 assignare,
1002 1756 1053 1810 sed
1083 1753 1202 1810 matrici
1231 1754 1356 1811 ecclesie

366 1841 498 1899 decimas
532 1841 725 1900 omnimodas
757 1843 942 1914 persolvere;
978 1841 1095 1916 aliquos
1119 1841 1240 1898 ordines
1263 1844 1400 1916 vagos15

366 1929 503 2000 cassavit,
536 1928 711 2004 pluritatem
736 1928 952 1985 beneficiorum
981 1929 1165 2003 dampnavit.
1201 1931 1276 2001 Hoc,
1310 1929 1356 1984 in-

366 2035 468 2090 quam,
502 2017 615 2074 factum
648 2016 757 2090 legitur
786 2034 866 2072 anno
895 2016 1010 2073 domini
1040 2031 1128 2090 1272.
1170 2015 1254 2073 Sicut
1282 2035 1355 2091 ergo

366 2103 522 2161 ordinacio
559 2104 646 2160 huius
679 2124 757 2178 pape
792 2118 927 2160 cassatur
957 2103 987 2159 in
1021 2103 1132 2174 multis,
1166 2103 1209 2160 sic
1243 2104 1356 2161 cassari

366 2204 465 2264 potest
489 2190 520 2247 in
537 2190 804 2248 distribucionibus
828 2191 1026 2258 decimarum,
1051 2204 1079 2248 et
1096 2209 1150 2265 per
1168 2209 1355 2266 consequens

366 2297 428 2334 non
451 2277 520 2335 licet
544 2298 623 2353 pape
647 2297 754 2352 cogere
778 2278 957 2353 generaliter
981 2280 1130 2336 seculares
1154 2291 1186 2334 ut
1211 2280 1282 2336 dent
1299 2279 1402 2335 sibino

367 2365 545 2438 regulariter
577 2366 692 2440 primos
725 2367 849 2423 fructus.
889 2365 938 2423 Sic
972 2367 1051 2423 enim
1091 2380 1260 2422 cassaretur
1291 2379 1355 2423 tam

367 2453 542 2526 sollempnis
566 2453 732 2525 ordinaci0,
767 2473 827 2528 qua
859 2453 1039 2527 generaliter
1071 2456 1215 2510 darentur
1239 2453 1357 2510 decime

368 2539 486 2596 matrici
520 2541 657 2611 ecclesie,
692 2554 720 2597 et
752 2540 879 2614 perinde
909 2555 1010 2614 posset
1042 2560 1122 2615 papa
1154 2554 1286 2598 statuere
1319 2543 1357 2598 ad

367 2640 480 2696 votum,
506 2630 587 2701 quod
612 2628 688 2701 layci
705 2630 776 2685 dent
793 2627 848 2684 sibi
866 2628 1014 2686 decimam
1032 2630 1078 2685 vel
1094 2641 1219 2702 quotam
1237 2641 1356 2702 partem

367 2713 495 2771 voluerit
512 2716 549 2772 de
565 2715 706 2772 omnibus
723 2716 809 2773 bonis
826 2715 896 2786 suis,
915 2729 942 2772 et
959 2735 1012 2789 per
1026 2734 1212 2790 consequens
1225 2708 1357 2790 spoliare
1370 2717 1401 2768 25

369 2815 492 2858 cunctos
517 2804 653 2861 subditos
676 2823 746 2860 suos
771 2806 809 2859 ad
832 2816 935 2858 votum
954 2817 982 2859 et
998 2821 1091 2877 regna
1108 2805 1276 2874 destruere3
1300 2822 1357 2860 nec

368 2889 486 2945 dicetur
508 2890 589 2947 racio
610 2910 704 2965 quare
722 2904 840 2947 tantum
865 2903 1038 2947 extraneare
1062 2903 1161 2964 potest
1178 2889 1357 2948 elemosinas

369 2978 406 3032 ab
431 2977 628 3035 ordinacione
645 2998 736 3052 quam
751 2978 889 3035 Christus
906 2977 1046 3047 instituit,
1071 2977 1144 3052 quin
1160 2997 1214 3051 per
1230 2969 1310 3035 idem
1329 2991 1357 3034 et

369 3078 639 3139 quantumcunque
656 3066 787 3136 libuerit,
813 3079 840 3122 et
858 3078 941 3138 patet
958 3066 1188 3122 fundamentum
1206 3065 1279 3121 iuris
1296 3085 1357 3139 quo

160 3157 307 3209 acceptaret·
322 3154 349 3196 0f
370 3150 502 3208 decimas
531 3153 733 3209 vendicamus.
769 3157 842 3210 ltem
872 3171 940 3208 cum
970 3172 1049 3226 papa
1077 3165 1176 3226 potest
1201 3152 1358 3209 comittere
1370 3154 1403 3202 '50

174 3208 224 3251 first
238 3207 306 3249 fruits
320 3218 334 3249 a

204 3259 266 3319 form
281 3259 308 3302 of

205 3323 306 3366 srmony.

370 3238 549 3311 symoniam,
574 3253 606 3296 ut
628 3240 731 3298 dicunt
748 3243 888 3298 doctores
912 3240 1112 3311 concorditer,
1136 3239 1253 3296 videtur
1277 3242 1358 3314 quod

370 3326 551 3398 generaliter
575 3327 755 3401 accipiendo
780 3327 896 3403 primos
920 3327 1035 3384 fructus
1060 3327 1157 3384 curati
1181 3347 1271 3401 quem
1290 3347 1359 3401 pro-

372 3426 481 3486 movet,
507 3413 539 3470 fit
564 3415 767 3487 symoniacus,
802 3414 872 3490 quia
896 3413 1069 3471 inordinate
1094 3418 1145 3471 dat
1170 3433 1274 3471 curam
1299 3414 1359 3488 spi-

371 3497 512 3555 ritualem
546 3515 672 3575 propter
705 3505 868 3559 comodum
894 3504 1073 3576 temporale,
1109 3514 1137 3558 et
1161 3503 1216 3558 hec
1240 3514 1284 3559 est
1308 3503 1359 3558 de-

372 3584 502 3659 scripcio
527 3588 674 3661 symouie.
1371 3604 1403 3656 35

424 3834 442 3866 2.
462 3824 514 3877 ipso
534 3825 682 3918 ergoceteri.
763 3838 785 3876 4.
807 3832 828 3867 et
847 3825 908 3867 idem
930 3827 1007 3869 ceteri.
1088 3825 1106 3869 5.
1127 3825 1233 3879 apercius
1252 3838 1314 3869 corr.
1331 3838 1360 3869 ex

372 3874 452 3934 apcius
462 3888 485 3927 a,
496 3888 558 3918 reme
577 3876 625 3918 ium
636 3877 657 3928 h,
670 3878 733 3919 real.
743 3891 771 3920 m.
783 3877 804 3929 d,
821 3877 923 3920 medium
937 3880 1015 3921 ceteri.
1070 3891 1090 3933 7.
1107 3878 1167 3921 Cum
1178 3878 1252 3921 Cestr.
1263 3879 1359 3938 alm,

373 3927 489 3984 Qsttcusis
503 3940 524 3970 a.
580 3941 605 3970 11.
622 3941 634 3969 a
649 3940 693 3972 om.
709 3930 724 3972 i.
784 3942 815 3980 14.
832 3929 955 3987 viatricis,
970 3931 1057 3973 victrici
1072 3944 1097 3986 g,
1112 3943 1174 3973 corr.
1191 3931 1214 3973 in
1230 3931 1320 3973 matrici
1334 3944 1358 3974 α.

373 3983 404 4021 ιο.
421 3980 574 4032 pluralitatem
588 3980 671 4035 cdefg.
726 3995 755 4036 17.
767 3995 829 4024 anno
840 3983 882 4025 deo
893 3983 914 4024 lt.
968 3995 1003 4036 20,
1018 3994 1048 4026 21.
1064 3990 1089 4026 ut
1102 4007 1127 4013 —
1141 3983 1231 4026 fructus
1245 3984 1277 4026 al.
1293 3996 1321 4025 m.
1337 3984 1360 4025 li.

372 4029 399 4090 ²3.
412 4049 436 4068 =
452 4044 484 4083 14.
558 4030 590 4073 23.
607 4033 704 4086 provide
719 4034 772 4088 σφ’.
846 4033 879 4081 23.
895 4047 930 4087 ²4·
947 4036 1023 4090 quoad
1039 4042 1086 4077 vot.
1101 4036 1116 4078 l.
1132 4035 1148 4088 i,
1163 4035 1247 4078 debent
1262 4035 1305 4078 sibi
1321 4036 1359 4078 alr.

372 4091 408 4126 20.
431 4096 486 4126 suos
508 4083 543 4132 blt,
564 4095 608 4126 om.
631 4085 715 4136 ceteri‚·
736 4093 810 4129 totum
833 4088 911 4130 ceteri.
991 4101 1024 4183 ap.
1040 4087 1126 4130 diceret
1145 4099 1168 4139 a,
1190 4088 1280 4132 dicetur
1294 4089 1359 4141 reg,

373 4135 449 4196 dicere
468 4140 536 4196 ceter.
616 4134 652 4196 34.
672 4137 716 4180 hoc
734 4139 811 4182 cereri.
891 4138 927 4194 34,
947 4139 979 4184 35.
1017 4139 1139 4194 escriptive
1158 4140 1265 4197 symonia
1279 4141 1305 4183 be
1319 4141 1360 4196 dg,

373 4189 534 4243 descripcrone
548 4200 655 4245 symonia
670 4201 688 4233 c.

426 4348 449 4396 7.
475 4333 621 4382 Cestrensis
645 4335 705 4384 loco
730 4353 789 4400 pag.
814 4339 854 4400 33,
879 4336 908 4387 18
932 4340 1018 4399 citat0,
1042 4349 1059 4388 t.
1083 4338 1107 4400 8,
1133 4338 1191 4389 256.
1215 4339 1285 4403 (lib.
1304 4339 1358 4401 Vll,

374 4418 430 4467 cap.
451 4403 502 4467 37.)
579 4419 617 4469 17.
639 4420 701 4470 1272
724 4417 805 4456 errate
825 4423 871 4472 pro
895 4423 967 4472 1274.
