<?xml version="1.0" encoding="UTF-8"?>
<!DOCTYPE html PUBLIC "-//W3C//DTD XHTML 1.0 Transitional//EN"
    "http://www.w3.org/TR/xhtml1/DTD/xhtml1-transitional.dtd">
<html xmlns="http://www.w3.org/1999/xhtml" xml:lang="en" lang="en">
 <head>
  <title>
</title>
<meta http-equiv="Content-Type" content="text/html;charset=utf-8" />
  <meta name='ocr-system' content='tesseract 3.04.00' />
  <meta name='ocr-capabilities' content='ocr_page ocr_carea ocr_par ocr_line ocrx_word'/>
</head>
<body>
  <div class='ocr_page' id='page_1' title='image "./iohanniswyclift00dziegoog_0144.png"; bbox 0 0 3104 5168; ppageno 0'>
   <div class='ocr_carea' id='block_1_1' title="bbox 689 457 1355 546">
    <p class='ocr_par' dir='ltr' id='par_1_1' title="bbox 689 457 1355 546">
     <span class='ocr_line' id='line_1_1' title="bbox 689 457 1355 546; baseline -0.014 -20"><span class='ocrx_word' id='word_1_1' title='bbox 689 478 858 528; x_wconf 65' lang='lat' dir='ltr'>maturus</span> <span class='ocrx_word' id='word_1_2' title='bbox 877 478 1017 527; x_wconf 78' lang='lat' dir='ltr'>1vvcr1r</span> <span class='ocrx_word' id='word_1_3' title='bbox 1199 457 1279 546; x_wconf 73' lang='lat' dir='ltr'>[cur.</span> <span class='ocrx_word' id='word_1_4' title='bbox 1291 474 1355 519; x_wconf 88' lang='lat' dir='ltr'>vm.</span> 
     </span>
    </p>
   </div>
   <div class='ocr_carea' id='block_1_2' title="bbox 161 639 1403 3504">
    <p class='ocr_par' dir='ltr' id='par_1_2' title="bbox 161 639 1403 3504">
     <span class='ocr_line' id='line_1_2' title="bbox 363 639 1355 713; baseline 0 -17"><span class='ocrx_word' id='word_1_5' title='bbox 363 641 425 697; x_wconf 91' lang='lat' dir='ltr'>eice</span> <span class='ocrx_word' id='word_1_6' title='bbox 450 639 581 713; x_wconf 92' lang='lat' dir='ltr'>primum</span> <span class='ocrx_word' id='word_1_7' title='bbox 608 643 723 696; x_wconf 87' lang='lat' dir='ltr'>trabem</span> <span class='ocrx_word' id='word_1_8' title='bbox 750 642 786 695; x_wconf 91' lang='lat' dir='ltr'>de</span> <span class='ocrx_word' id='word_1_9' title='bbox 810 640 899 696; x_wconf 91' lang='lat' dir='ltr'>oculo</span> <span class='ocrx_word' id='word_1_10' title='bbox 924 652 976 695; x_wconf 92' lang='lat' dir='ltr'>tuo</span> <span class='ocrx_word' id='word_1_11' title='bbox 1001 652 1029 696; x_wconf 92' lang='lat' dir='ltr'>et</span> <span class='ocrx_word' id='word_1_12' title='bbox 1055 653 1128 696; x_wconf 90' lang='lat' dir='ltr'>tunc</span> <span class='ocrx_word' id='word_1_13' title='bbox 1145 639 1292 696; x_wconf 85' lang='lat' dir='ltr'>festucam</span> <span class='ocrx_word' id='word_1_14' title='bbox 1318 642 1355 696; x_wconf 92' lang='lat' dir='ltr'>de</span> 
     </span>
     <span class='ocr_line' id='line_1_3' title="bbox 363 727 1354 801; baseline 0 -17"><span class='ocrx_word' id='word_1_15' title='bbox 363 728 451 784; x_wconf 92' lang='lat' dir='ltr'>oculo</span> <span class='ocrx_word' id='word_1_16' title='bbox 477 727 574 783; x_wconf 87' lang='lat' dir='ltr'>fratris</span> <span class='ocrx_word' id='word_1_17' title='bbox 599 728 641 783; x_wconf 89' lang='lat' dir='ltr'>tui</span> <span class='ocrx_word' id='word_1_18' title='bbox 675 727 789 799; x_wconf 90' lang='lat' dir='ltr'>poteris</span> <span class='ocrx_word' id='word_1_19' title='bbox 823 727 945 800; x_wconf 77' lang='lat' dir='ltr'>eicere’3</span> <span class='ocrx_word' id='word_1_20' title='bbox 970 740 998 782; x_wconf 92' lang='lat' dir='ltr'>et</span> <span class='ocrx_word' id='word_1_21' title='bbox 1030 740 1100 783; x_wconf 92' lang='lat' dir='ltr'>sunt</span> <span class='ocrx_word' id='word_1_22' title='bbox 1128 728 1165 782; x_wconf 90' lang='lat' dir='ltr'>ad</span> <span class='ocrx_word' id='word_1_23' title='bbox 1191 728 1248 782; x_wconf 93' lang='lat' dir='ltr'>hoc</span> <span class='ocrx_word' id='word_1_24' title='bbox 1272 728 1354 801; x_wconf 88' lang='lat' dir='ltr'>leges</span> 
     </span>
     <span class='ocr_line' id='line_1_4' title="bbox 162 812 1354 887; baseline 0.003 -19"><span class='ocrx_word' id='word_1_25' title='bbox 162 879 166 887; x_wconf 33' lang='grc' dir='ltr'>Ι</span> <span class='ocrx_word' id='word_1_26' title='bbox 195 824 305 885; x_wconf 75' lang='lat' dir='ltr'>rtiudge¹</span> <span class='ocrx_word' id='word_1_27' title='bbox 365 814 458 870; x_wconf 92' lang='lat' dir='ltr'>multe</span> <span class='ocrx_word' id='word_1_28' title='bbox 483 827 543 870; x_wconf 91' lang='lat' dir='ltr'>tam</span> <span class='ocrx_word' id='word_1_29' title='bbox 570 814 615 870; x_wconf 91' lang='lat' dir='ltr'>dei</span> <span class='ocrx_word' id='word_1_30' title='bbox 651 834 741 887; x_wconf 87' lang='lat' dir='ltr'>quam</span> <span class='ocrx_word' id='word_1_31' title='bbox 778 814 946 871; x_wconf 88' lang='lat' dir='ltr'>hominum.</span> <span class='ocrx_word' id='word_1_32' title='bbox 980 812 1064 871; x_wconf 86' lang='lat' dir='ltr'>Sicut</span> <span class='ocrx_word' id='word_1_33' title='bbox 1098 813 1177 869; x_wconf 91' lang='lat' dir='ltr'>enim</span> <span class='ocrx_word' id='word_1_34' title='bbox 1203 814 1354 887; x_wconf 91' lang='lat' dir='ltr'>yctericus</span> 
     </span>
     <span class='ocr_line' id='line_1_5' title="bbox 161 878 1354 986; baseline 0.001 -29"><span class='ocrx_word' id='word_1_35' title='bbox 161 878 332 986; x_wconf 54' lang='lat' dir='ltr'>rngeiqthqyupsth</span> <span class='ocrx_word' id='word_1_36' title='bbox 363 921 424 958; x_wconf 91' lang='lat' dir='ltr'>non</span> <span class='ocrx_word' id='word_1_37' title='bbox 447 901 561 957; x_wconf 93' lang='lat' dir='ltr'>iudicat</span> <span class='ocrx_word' id='word_1_38' title='bbox 586 903 622 957; x_wconf 89' lang='lat' dir='ltr'>de</span> <span class='ocrx_word' id='word_1_39' title='bbox 639 900 801 972; x_wconf 88' lang='lat' dir='ltr'>coloribus,</span> <span class='ocrx_word' id='word_1_40' title='bbox 827 901 869 957; x_wconf 91' lang='lat' dir='ltr'>sic</span> <span class='ocrx_word' id='word_1_41' title='bbox 894 900 981 957; x_wconf 85' lang='lat' dir='ltr'>iudex</span> <span class='ocrx_word' id='word_1_42' title='bbox 997 900 1125 959; x_wconf 86' lang='lat' dir='ltr'>infectus</span> <span class='ocrx_word' id='word_1_43' title='bbox 1147 902 1267 958; x_wconf 88' lang='lat' dir='ltr'>macula</span> <span class='ocrx_word' id='word_1_44' title='bbox 1290 921 1354 958; x_wconf 90' lang='lat' dir='ltr'>uon</span> 
     </span>
     <span class='ocr_line' id='line_1_6' title="bbox 166 985 1381 1064; baseline -0.002 -20"><span class='ocrx_word' id='word_1_45' title='bbox 166 985 330 1036; x_wconf 74' lang='lat' dir='ltr'>incompotem.</span> <span class='ocrx_word' id='word_1_46' title='bbox 363 988 514 1063; x_wconf 89' lang='lat' dir='ltr'>reputabit</span> <span class='ocrx_word' id='word_1_47' title='bbox 539 987 621 1045; x_wconf 89' lang='lat' dir='ltr'>illam</span> <span class='ocrx_word' id='word_1_48' title='bbox 641 1002 798 1061; x_wconf 88' lang='lat' dir='ltr'>peccatum</span> <span class='ocrx_word' id='word_1_49' title='bbox 824 989 854 1045; x_wconf 90' lang='lat' dir='ltr'>in</span> <span class='ocrx_word' id='word_1_50' title='bbox 871 987 947 1059; x_wconf 89' lang='lat' dir='ltr'>aliis,</span> <span class='ocrx_word' id='word_1_51' title='bbox 965 991 1017 1044; x_wconf 92' lang='lat' dir='ltr'>sed</span> <span class='ocrx_word' id='word_1_52' title='bbox 1034 988 1160 1059; x_wconf 84' lang='lat' dir='ltr'>fovebit;</span> <span class='ocrx_word' id='word_1_53' title='bbox 1186 988 1263 1045; x_wconf 90' lang='lat' dir='ltr'>sicut</span> <span class='ocrx_word' id='word_1_54' title='bbox 1281 993 1381 1064; x_wconf 82' lang='lat' dir='ltr'>ergo5</span> 
     </span>
     <span class='ocr_line' id='line_1_7' title="bbox 363 1075 1353 1152; baseline -0.001 -18"><span class='ocrx_word' id='word_1_55' title='bbox 363 1075 554 1152; x_wconf 84' lang='lat' dir='ltr'>symoniacus</span> <span class='ocrx_word' id='word_1_56' title='bbox 572 1089 676 1149; x_wconf 90' lang='lat' dir='ltr'>peccat</span> <span class='ocrx_word' id='word_1_57' title='bbox 701 1075 732 1131; x_wconf 92' lang='lat' dir='ltr'>in</span> <span class='ocrx_word' id='word_1_58' title='bbox 753 1075 952 1133; x_wconf 87' lang='lat' dir='ltr'>universalem</span> <span class='ocrx_word' id='word_1_59' title='bbox 971 1076 1130 1133; x_wconf 87' lang='lat' dir='ltr'>ecclesiam</span> <span class='ocrx_word' id='word_1_60' title='bbox 1148 1089 1176 1132; x_wconf 88' lang='lat' dir='ltr'>et</span> <span class='ocrx_word' id='word_1_61' title='bbox 1193 1075 1353 1151; x_wconf 88' lang='lat' dir='ltr'>quodlibet</span> 
     </span>
     <span class='ocr_line' id='line_1_8' title="bbox 363 1163 1353 1236; baseline -0.001 -15"><span class='ocrx_word' id='word_1_62' title='bbox 363 1165 425 1221; x_wconf 91' lang='lat' dir='ltr'>eius</span> <span class='ocrx_word' id='word_1_63' title='bbox 443 1164 624 1234; x_wconf 85' lang='lat' dir='ltr'>membrum,</span> <span class='ocrx_word' id='word_1_64' title='bbox 649 1165 730 1236; x_wconf 91' lang='lat' dir='ltr'>quod</span> <span class='ocrx_word' id='word_1_65' title='bbox 749 1176 868 1220; x_wconf 90' lang='lat' dir='ltr'>tenetur</span> <span class='ocrx_word' id='word_1_66' title='bbox 885 1176 1043 1236; x_wconf 88' lang='lat' dir='ltr'>peccatum</span> <span class='ocrx_word' id='word_1_67' title='bbox 1060 1163 1135 1220; x_wconf 90' lang='lat' dir='ltr'>illud</span> <span class='ocrx_word' id='word_1_68' title='bbox 1159 1182 1353 1236; x_wconf 87' lang='lat' dir='ltr'>cognoscere,</span> 
     </span>
     <span class='ocr_line' id='line_1_9' title="bbox 362 1249 1354 1326; baseline 0 -19"><span class='ocrx_word' id='word_1_69' title='bbox 362 1252 404 1308; x_wconf 90' lang='lat' dir='ltr'>sic</span> <span class='ocrx_word' id='word_1_70' title='bbox 429 1269 558 1324; x_wconf 90' lang='lat' dir='ltr'>persona</span> <span class='ocrx_word' id='word_1_71' title='bbox 582 1250 760 1306; x_wconf 87' lang='lat' dir='ltr'>universalis</span> <span class='ocrx_word' id='word_1_72' title='bbox 794 1249 919 1307; x_wconf 89' lang='lat' dir='ltr'>ecclesie</span> <span class='ocrx_word' id='word_1_73' title='bbox 943 1269 1011 1306; x_wconf 90' lang='lat' dir='ltr'>cum</span> <span class='ocrx_word' id='word_1_74' title='bbox 1037 1250 1075 1307; x_wconf 91' lang='lat' dir='ltr'>sit</span> <span class='ocrx_word' id='word_1_75' title='bbox 1098 1250 1237 1324; x_wconf 89' lang='lat' dir='ltr'>superior</span> <span class='ocrx_word' id='word_1_76' title='bbox 1261 1264 1354 1326; x_wconf 91' lang='lat' dir='ltr'>atque</span> 
     </span>
     <span class='ocr_line' id='line_1_10' title="bbox 363 1337 1354 1412; baseline 0 -18"><span class='ocrx_word' id='word_1_77' title='bbox 363 1338 503 1408; x_wconf 90' lang='lat' dir='ltr'>habilior,</span> <span class='ocrx_word' id='word_1_78' title='bbox 528 1339 615 1393; x_wconf 85' lang='lat' dir='ltr'>debet</span> <span class='ocrx_word' id='word_1_79' title='bbox 637 1339 673 1392; x_wconf 92' lang='lat' dir='ltr'>de</span> <span class='ocrx_word' id='word_1_80' title='bbox 692 1352 815 1410; x_wconf 91' lang='lat' dir='ltr'>peccato</span> <span class='ocrx_word' id='word_1_81' title='bbox 832 1337 885 1394; x_wconf 88' lang='lat' dir='ltr'>tali</span> <span class='ocrx_word' id='word_1_82' title='bbox 902 1356 1093 1411; x_wconf 86' lang='lat' dir='ltr'>cognoscere.</span> <span class='ocrx_word' id='word_1_83' title='bbox 1111 1341 1172 1394; x_wconf 91' lang='lat' dir='ltr'>Nec</span> <span class='ocrx_word' id='word_1_84' title='bbox 1189 1337 1354 1412; x_wconf 88' lang='lat' dir='ltr'>requiritur</span> 
     </span>
     <span class='ocr_line' id='line_1_11' title="bbox 363 1424 1401 1499; baseline 0 -18"><span class='ocrx_word' id='word_1_85' title='bbox 363 1427 478 1481; x_wconf 89' lang='lat' dir='ltr'>adhoc</span> <span class='ocrx_word' id='word_1_86' title='bbox 503 1444 611 1498; x_wconf 90' lang='lat' dir='ltr'>magna</span> <span class='ocrx_word' id='word_1_87' title='bbox 636 1424 793 1495; x_wconf 86' lang='lat' dir='ltr'>industria,</span> <span class='ocrx_word' id='word_1_88' title='bbox 819 1426 870 1480; x_wconf 90' lang='lat' dir='ltr'>sed</span> <span class='ocrx_word' id='word_1_89' title='bbox 888 1444 1066 1498; x_wconf 87' lang='lat' dir='ltr'>quecunque</span> <span class='ocrx_word' id='word_1_90' title='bbox 1091 1443 1229 1499; x_wconf 88' lang='lat' dir='ltr'>persona,</span> <span class='ocrx_word' id='word_1_91' title='bbox 1256 1425 1353 1482; x_wconf 90' lang='lat' dir='ltr'>eciam</span> <span class='ocrx_word' id='word_1_92' title='bbox 1369 1449 1401 1481; x_wconf 90' lang='lat'>10</span> 
     </span>
     <span class='ocr_line' id='line_1_12' title="bbox 364 1510 1355 1585; baseline 0 -18"><span class='ocrx_word' id='word_1_93' title='bbox 364 1511 513 1568; x_wconf 91' lang='lat' dir='ltr'>hereticus</span> <span class='ocrx_word' id='word_1_94' title='bbox 537 1510 582 1566; x_wconf 90' lang='lat' dir='ltr'>vel</span> <span class='ocrx_word' id='word_1_95' title='bbox 600 1511 748 1582; x_wconf 84' lang='lat' dir='ltr'>meretrix,</span> <span class='ocrx_word' id='word_1_96' title='bbox 774 1526 898 1584; x_wconf 91' lang='lat' dir='ltr'>peccato</span> <span class='ocrx_word' id='word_1_97' title='bbox 916 1511 1038 1584; x_wconf 90' lang='lat' dir='ltr'>cognito</span> <span class='ocrx_word' id='word_1_98' title='bbox 1063 1514 1152 1568; x_wconf 92' lang='lat' dir='ltr'>debet</span> <span class='ocrx_word' id='word_1_99' title='bbox 1175 1512 1273 1585; x_wconf 89' lang='lat' dir='ltr'>ipsum</span> <span class='ocrx_word' id='word_1_100' title='bbox 1299 1512 1355 1568; x_wconf 91' lang='lat' dir='ltr'>viis</span> 
     </span>
     <span class='ocr_line' id='line_1_13' title="bbox 364 1598 1354 1672; baseline 0.001 -18"><span class='ocrx_word' id='word_1_101' title='bbox 364 1612 391 1654; x_wconf 92' lang='lat' dir='ltr'>et</span> <span class='ocrx_word' id='word_1_102' title='bbox 414 1599 511 1655; x_wconf 92' lang='lat' dir='ltr'>modis</span> <span class='ocrx_word' id='word_1_103' title='bbox 532 1598 713 1670; x_wconf 80' lang='lat' dir='ltr'>extinguere,</span> <span class='ocrx_word' id='word_1_104' title='bbox 739 1612 771 1654; x_wconf 91' lang='lat' dir='ltr'>ut</span> <span class='ocrx_word' id='word_1_105' title='bbox 792 1612 874 1672; x_wconf 87' lang='lat' dir='ltr'>patet</span> <span class='ocrx_word' id='word_1_106' title='bbox 888 1601 923 1655; x_wconf 90' lang='lat' dir='ltr'>V.</span> <span class='ocrx_word' id='word_1_107' title='bbox 953 1599 1167 1670; x_wconf 88' lang='lat' dir='ltr'>Decretalium‚</span> <span class='ocrx_word' id='word_1_108' title='bbox 1197 1599 1284 1655; x_wconf 92' lang='lat' dir='ltr'>titulo</span> <span class='ocrx_word' id='word_1_109' title='bbox 1311 1602 1354 1655; x_wconf 84' lang='lat' dir='ltr'>De</span> 
     </span>
     <span class='ocr_line' id='line_1_14' title="bbox 363 1685 1354 1760; baseline 0.001 -18"><span class='ocrx_word' id='word_1_110' title='bbox 363 1686 518 1760; x_wconf 86' lang='lat' dir='ltr'>Symonia‚</span> <span class='ocrx_word' id='word_1_111' title='bbox 533 1685 667 1759; x_wconf 90' lang='lat' dir='ltr'>capitulo</span> <span class='ocrx_word' id='word_1_112' title='bbox 683 1687 790 1755; x_wconf 49' lang='lat' dir='ltr'>Tanta</span> <span class='ocrx_word' id='word_1_113' title='bbox 806 1685 893 1742; x_wconf 84' lang='lat' dir='ltr'>aliter</span> <span class='ocrx_word' id='word_1_114' title='bbox 910 1686 989 1743; x_wconf 88' lang='lat' dir='ltr'>enim</span> <span class='ocrx_word' id='word_1_115' title='bbox 1007 1700 1108 1760; x_wconf 90' lang='lat' dir='ltr'>posset</span> <span class='ocrx_word' id='word_1_116' title='bbox 1125 1686 1237 1743; x_wconf 90' lang='lat' dir='ltr'>heresis</span> <span class='ocrx_word' id='word_1_117' title='bbox 1255 1706 1354 1760; x_wconf 92' lang='lat' dir='ltr'>symo-</span> 
     </span>
     <span class='ocr_line' id='line_1_15' title="bbox 363 1773 1355 1849; baseline 0.001 -20"><span class='ocrx_word' id='word_1_118' title='bbox 363 1774 451 1831; x_wconf 89' lang='lat' dir='ltr'>niaca</span> <span class='ocrx_word' id='word_1_119' title='bbox 475 1774 598 1830; x_wconf 87' lang='lat' dir='ltr'>inlicere</span> <span class='ocrx_word' id='word_1_120' title='bbox 622 1786 717 1829; x_wconf 90' lang='lat' dir='ltr'>totam</span> <span class='ocrx_word' id='word_1_121' title='bbox 737 1773 893 1830; x_wconf 89' lang='lat' dir='ltr'>ecclesiam</span> <span class='ocrx_word' id='word_1_122' title='bbox 912 1788 1076 1847; x_wconf 87' lang='lat' dir='ltr'>antequam</span> <span class='ocrx_word' id='word_1_123' title='bbox 1093 1775 1230 1849; x_wconf 91' lang='lat' dir='ltr'>leprosus</span> <span class='ocrx_word' id='word_1_124' title='bbox 1255 1793 1355 1849; x_wconf 91' lang='lat' dir='ltr'>symo-</span> 
     </span>
     <span class='ocr_line' id='line_1_16' title="bbox 364 1860 1398 1934; baseline 0.001 -18"><span class='ocrx_word' id='word_1_125' title='bbox 364 1861 468 1918; x_wconf 91' lang='lat' dir='ltr'>niacus</span> <span class='ocrx_word' id='word_1_126' title='bbox 493 1861 588 1934; x_wconf 85' lang='lat' dir='ltr'>ipsam</span> <span class='ocrx_word' id='word_1_127' title='bbox 614 1862 650 1916; x_wconf 93' lang='lat' dir='ltr'>de</span> <span class='ocrx_word' id='word_1_128' title='bbox 675 1860 780 1916; x_wconf 90' lang='lat' dir='ltr'>castris</span> <span class='ocrx_word' id='word_1_129' title='bbox 813 1862 982 1934; x_wconf 87' lang='lat' dir='ltr'>expelleret.</span> <span class='ocrx_word' id='word_1_130' title='bbox 1008 1865 1079 1918; x_wconf 87' lang='lat' dir='ltr'>ldeo</span> <span class='ocrx_word' id='word_1_131' title='bbox 1110 1861 1284 1918; x_wconf 88' lang='lat' dir='ltr'>ordinatum</span> <span class='ocrx_word' id='word_1_132' title='bbox 1310 1869 1398 1919; x_wconf 81' lang='lat' dir='ltr'>est15</span> 
     </span>
     <span class='ocr_line' id='line_1_17' title="bbox 363 1947 1355 2022; baseline 0.002 -18"><span class='ocrx_word' id='word_1_133' title='bbox 363 1954 393 2003; x_wconf 89' lang='lat' dir='ltr'>in</span> <span class='ocrx_word' id='word_1_134' title='bbox 418 1949 482 2021; x_wconf 90' lang='lat' dir='ltr'>lege</span> <span class='ocrx_word' id='word_1_135' title='bbox 507 1947 632 2016; x_wconf 88' lang='lat' dir='ltr'>domiui,</span> <span class='ocrx_word' id='word_1_136' title='bbox 657 1950 740 2021; x_wconf 94' lang='lat' dir='ltr'>quod</span> <span class='ocrx_word' id='word_1_137' title='bbox 763 1950 936 2004; x_wconf 86' lang='lat' dir='ltr'>sacerdotes</span> <span class='ocrx_word' id='word_1_138' title='bbox 960 1949 1012 2022; x_wconf 92' lang='lat' dir='ltr'>qui</span> <span class='ocrx_word' id='word_1_139' title='bbox 1030 1951 1140 2005; x_wconf 90' lang='lat' dir='ltr'>debent</span> <span class='ocrx_word' id='word_1_140' title='bbox 1155 1948 1291 2006; x_wconf 90' lang='lat' dir='ltr'>iudicare</span> <span class='ocrx_word' id='word_1_141' title='bbox 1317 1952 1355 2006; x_wconf 94' lang='lat' dir='ltr'>de</span> 
     </span>
     <span class='ocr_line' id='line_1_18' title="bbox 365 2034 1351 2110; baseline 0.002 -20"><span class='ocrx_word' id='word_1_142' title='bbox 365 2038 447 2109; x_wconf 90' lang='lat' dir='ltr'>lepra</span> <span class='ocrx_word' id='word_1_143' title='bbox 472 2035 530 2091; x_wconf 91' lang='lat' dir='ltr'>sint</span> <span class='ocrx_word' id='word_1_144' title='bbox 556 2034 670 2105; x_wconf 90' lang='lat' dir='ltr'>mundi,</span> <span class='ocrx_word' id='word_1_145' title='bbox 687 2048 720 2091; x_wconf 92' lang='lat' dir='ltr'>ut</span> <span class='ocrx_word' id='word_1_146' title='bbox 736 2048 818 2108; x_wconf 90' lang='lat' dir='ltr'>patet</span> <span class='ocrx_word' id='word_1_147' title='bbox 836 2055 896 2110; x_wconf 92' lang='lat' dir='ltr'>quo</span> <span class='ocrx_word' id='word_1_148' title='bbox 921 2037 958 2091; x_wconf 90' lang='lat' dir='ltr'>ad</span> <span class='ocrx_word' id='word_1_149' title='bbox 982 2035 1151 2109; x_wconf 90' lang='lat' dir='ltr'>inplicitum</span> <span class='ocrx_word' id='word_1_150' title='bbox 1170 2035 1294 2094; x_wconf 88' lang='lat' dir='ltr'>Levitici</span> <span class='ocrx_word' id='word_1_151' title='bbox 1319 2038 1351 2092; x_wconf 82' lang='lat'>13</span> 
     </span>
     <span class='ocr_line' id='line_1_19' title="bbox 365 2120 1355 2196; baseline 0.001 -17"><span class='ocrx_word' id='word_1_152' title='bbox 365 2136 392 2178; x_wconf 94' lang='lat' dir='ltr'>et</span> <span class='ocrx_word' id='word_1_153' title='bbox 417 2125 455 2179; x_wconf 92' lang='lat' dir='ltr'>ad</span> <span class='ocrx_word' id='word_1_154' title='bbox 479 2122 561 2178; x_wconf 91' lang='lat' dir='ltr'>aliud</span> <span class='ocrx_word' id='word_1_155' title='bbox 587 2120 711 2177; x_wconf 86' lang='lat' dir='ltr'>Levitici</span> <span class='ocrx_word' id='word_1_156' title='bbox 745 2137 795 2192; x_wconf 86' lang='lat'>21,</span> <span class='ocrx_word' id='word_1_157' title='bbox 830 2122 901 2196; x_wconf 90' lang='lat' dir='ltr'>quia</span> <span class='ocrx_word' id='word_1_158' title='bbox 936 2122 1023 2179; x_wconf 91' lang='lat' dir='ltr'>aliter</span> <span class='ocrx_word' id='word_1_159' title='bbox 1047 2125 1253 2180; x_wconf 88' lang='lat' dir='ltr'>subverterent</span> <span class='ocrx_word' id='word_1_160' title='bbox 1276 2123 1355 2180; x_wconf 91' lang='lat' dir='ltr'>iudi-</span> 
     </span>
     <span class='ocr_line' id='line_1_20' title="bbox 365 2209 1352 2282; baseline 0.002 -17"><span class='ocrx_word' id='word_1_161' title='bbox 365 2210 455 2281; x_wconf 88' lang='lat' dir='ltr'>cium,</span> <span class='ocrx_word' id='word_1_162' title='bbox 502 2222 533 2265; x_wconf 94' lang='lat' dir='ltr'>ut</span> <span class='ocrx_word' id='word_1_163' title='bbox 573 2212 633 2264; x_wconf 89' lang='lat' dir='ltr'>duo</span> <span class='ocrx_word' id='word_1_164' title='bbox 671 2210 770 2264; x_wconf 84' lang='lat' dir='ltr'>senes</span> <span class='ocrx_word' id='word_1_165' title='bbox 794 2209 952 2282; x_wconf 87' lang='lat' dir='ltr'>presbiteri</span> <span class='ocrx_word' id='word_1_166' title='bbox 990 2209 1163 2266; x_wconf 90' lang='lat' dir='ltr'>iudicarunt</span> <span class='ocrx_word' id='word_1_167' title='bbox 1199 2213 1352 2268; x_wconf 88' lang='lat' dir='ltr'>Zuzanam</span> 
     </span>
     <span class='ocr_line' id='line_1_21' title="bbox 365 2297 1400 2371; baseline -0.001 -19"><span class='ocrx_word' id='word_1_168' title='bbox 365 2297 481 2354; x_wconf 89' lang='lat' dir='ltr'>Daniel.</span> <span class='ocrx_word' id='word_1_169' title='bbox 502 2315 545 2366; x_wconf 81' lang='lat'>14.</span> <span class='ocrx_word' id='word_1_170' title='bbox 569 2298 639 2352; x_wconf 89' lang='lat' dir='ltr'>Ideo</span> <span class='ocrx_word' id='word_1_171' title='bbox 655 2298 781 2352; x_wconf 89' lang='lat' dir='ltr'>docetur</span> <span class='ocrx_word' id='word_1_172' title='bbox 797 2315 814 2352; x_wconf 89' lang='lat' dir='ltr'>a</span> <span class='ocrx_word' id='word_1_173' title='bbox 830 2300 911 2352; x_wconf 88' lang='lat' dir='ltr'>letro</span> <span class='ocrx_word' id='word_1_174' title='bbox 929 2310 1059 2370; x_wconf 90' lang='lat' dir='ltr'>cognato</span> <span class='ocrx_word' id='word_1_175' title='bbox 1075 2297 1173 2371; x_wconf 87' lang='lat' dir='ltr'>Moysi</span> <span class='ocrx_word' id='word_1_176' title='bbox 1191 2301 1283 2354; x_wconf 85' lang='lat' dir='ltr'>Exod.</span> <span class='ocrx_word' id='word_1_177' title='bbox 1307 2300 1353 2369; x_wconf 85' lang='lat'>18,</span> <span class='ocrx_word' id='word_1_178' title='bbox 1367 2319 1400 2352; x_wconf 88' lang='lat'>20</span> 
     </span>
     <span class='ocr_line' id='line_1_22' title="bbox 366 2383 1355 2458; baseline 0.003 -19"><span class='ocrx_word' id='word_1_179' title='bbox 366 2384 457 2457; x_wconf 90' lang='lat' dir='ltr'>‘quod</span> <span class='ocrx_word' id='word_1_180' title='bbox 475 2384 646 2457; x_wconf 88' lang='lat' dir='ltr'>provideret</span> <span class='ocrx_word' id='word_1_181' title='bbox 662 2385 698 2438; x_wconf 92' lang='lat' dir='ltr'>de</span> <span class='ocrx_word' id='word_1_182' title='bbox 714 2383 798 2439; x_wconf 91' lang='lat' dir='ltr'>omni</span> <span class='ocrx_word' id='word_1_183' title='bbox 816 2385 901 2458; x_wconf 90' lang='lat' dir='ltr'>plebe</span> <span class='ocrx_word' id='word_1_184' title='bbox 925 2383 1006 2441; x_wconf 91' lang='lat' dir='ltr'>viros</span> <span class='ocrx_word' id='word_1_185' title='bbox 1031 2398 1169 2458; x_wconf 87' lang='lat' dir='ltr'>potentes</span> <span class='ocrx_word' id='word_1_186' title='bbox 1193 2398 1222 2442; x_wconf 92' lang='lat' dir='ltr'>et</span> <span class='ocrx_word' id='word_1_187' title='bbox 1247 2385 1355 2442; x_wconf 90' lang='lat' dir='ltr'>timen-</span> 
     </span>
     <span class='ocr_line' id='line_1_23' title="bbox 364 2469 1356 2546; baseline 0.003 -21"><span class='ocrx_word' id='word_1_188' title='bbox 364 2485 408 2526; x_wconf 90' lang='lat' dir='ltr'>tes</span> <span class='ocrx_word' id='word_1_189' title='bbox 433 2472 533 2540; x_wconf 87' lang='lat' dir='ltr'>deum‚</span> <span class='ocrx_word' id='word_1_190' title='bbox 557 2470 588 2525; x_wconf 90' lang='lat' dir='ltr'>in</span> <span class='ocrx_word' id='word_1_191' title='bbox 620 2469 728 2543; x_wconf 89' lang='lat' dir='ltr'>quibus</span> <span class='ocrx_word' id='word_1_192' title='bbox 762 2470 800 2526; x_wconf 93' lang='lat' dir='ltr'>sit</span> <span class='ocrx_word' id='word_1_193' title='bbox 833 2471 942 2527; x_wconf 89' lang='lat' dir='ltr'>veritas</span> <span class='ocrx_word' id='word_1_194' title='bbox 976 2471 1078 2546; x_wconf 90' lang='lat' dir='ltr'>etqui</span> <span class='ocrx_word' id='word_1_195' title='bbox 1115 2473 1235 2528; x_wconf 90' lang='lat' dir='ltr'>oderint</span> <span class='ocrx_word' id='word_1_196' title='bbox 1259 2472 1356 2531; x_wconf 90' lang='lat' dir='ltr'>avari-</span> 
     </span>
     <span class='ocr_line' id='line_1_24' title="bbox 365 2557 1356 2631; baseline 0.002 -17"><span class='ocrx_word' id='word_1_197' title='bbox 365 2557 465 2628; x_wconf 89' lang='lat' dir='ltr'>ciam&#39;,</span> <span class='ocrx_word' id='word_1_198' title='bbox 491 2557 542 2631; x_wconf 88' lang='lat' dir='ltr'>qui</span> <span class='ocrx_word' id='word_1_199' title='bbox 566 2557 700 2613; x_wconf 89' lang='lat' dir='ltr'>iudicent</span> <span class='ocrx_word' id='word_1_200' title='bbox 723 2558 883 2631; x_wconf 91' lang='lat' dir='ltr'>populum.</span> <span class='ocrx_word' id='word_1_201' title='bbox 916 2561 990 2615; x_wconf 91' lang='lat' dir='ltr'>ltem</span> <span class='ocrx_word' id='word_1_202' title='bbox 1023 2561 1061 2614; x_wconf 91' lang='lat' dir='ltr'>ad</span> <span class='ocrx_word' id='word_1_203' title='bbox 1086 2559 1282 2616; x_wconf 91' lang='lat' dir='ltr'>iudicandum</span> <span class='ocrx_word' id='word_1_204' title='bbox 1312 2560 1356 2616; x_wconf 91' lang='lat' dir='ltr'>sic</span> 
     </span>
     <span class='ocr_line' id='line_1_25' title="bbox 366 2644 1355 2720; baseline 0.002 -19"><span class='ocrx_word' id='word_1_205' title='bbox 366 2646 402 2701; x_wconf 91' lang='lat' dir='ltr'>de</span> <span class='ocrx_word' id='word_1_206' title='bbox 427 2644 524 2700; x_wconf 90' lang='lat' dir='ltr'>heresi</span> <span class='ocrx_word' id='word_1_207' title='bbox 548 2645 595 2700; x_wconf 89' lang='lat' dir='ltr'>vel</span> <span class='ocrx_word' id='word_1_208' title='bbox 618 2644 755 2718; x_wconf 90' lang='lat' dir='ltr'>symonia</span> <span class='ocrx_word' id='word_1_209' title='bbox 780 2644 943 2719; x_wconf 90' lang='lat' dir='ltr'>requiritur</span> <span class='ocrx_word' id='word_1_210' title='bbox 956 2645 1100 2719; x_wconf 85' lang='lat' dir='ltr'>precipua</span> <span class='ocrx_word' id='word_1_211' title='bbox 1123 2646 1237 2703; x_wconf 91' lang='lat' dir='ltr'>noticia</span> <span class='ocrx_word' id='word_1_212' title='bbox 1261 2647 1355 2720; x_wconf 91' lang='lat' dir='ltr'>scrip·</span> 
     </span>
     <span class='ocr_line' id='line_1_26' title="bbox 366 2730 1401 2808; baseline 0.006 -22"><span class='ocrx_word' id='word_1_213' title='bbox 366 2746 513 2802; x_wconf 90' lang='lat' dir='ltr'>turarum,</span> <span class='ocrx_word' id='word_1_214' title='bbox 546 2733 597 2786; x_wconf 86' lang='lat' dir='ltr'>sed</span> <span class='ocrx_word' id='word_1_215' title='bbox 632 2730 720 2787; x_wconf 92' lang='lat' dir='ltr'>huius</span> <span class='ocrx_word' id='word_1_216' title='bbox 748 2731 822 2804; x_wconf 87' lang='lat' dir='ltr'>legis</span> <span class='ocrx_word' id='word_1_217' title='bbox 851 2746 920 2787; x_wconf 91' lang='lat' dir='ltr'>sunt</span> <span class='ocrx_word' id='word_1_218' title='bbox 944 2733 1074 2806; x_wconf 90' lang='lat' dir='ltr'>predicti</span> <span class='ocrx_word' id='word_1_219' title='bbox 1109 2745 1229 2806; x_wconf 85' lang='lat' dir='ltr'>satrape</span> <span class='ocrx_word' id='word_1_220' title='bbox 1256 2734 1356 2808; x_wconf 87' lang='lat' dir='ltr'>ignari</span> <span class='ocrx_word' id='word_1_221' title='bbox 1370 2743 1401 2792; x_wconf 81' lang='lat'>25</span> 
     </span>
     <span class='ocr_line' id='line_1_27' title="bbox 367 2817 1356 2893; baseline 0.004 -19"><span class='ocrx_word' id='word_1_222' title='bbox 367 2818 579 2888; x_wconf 86' lang='lat' dir='ltr'>communiter,</span> <span class='ocrx_word' id='word_1_223' title='bbox 605 2838 676 2891; x_wconf 89' lang='lat' dir='ltr'>ergo</span> <span class='ocrx_word' id='word_1_224' title='bbox 701 2831 728 2875; x_wconf 86' lang='lat' dir='ltr'>et</span> <span class='ocrx_word' id='word_1_225' title='bbox 753 2817 925 2893; x_wconf 91' lang='lat' dir='ltr'>indispositi</span> <span class='ocrx_word' id='word_1_226' title='bbox 949 2822 988 2876; x_wconf 90' lang='lat' dir='ltr'>ad</span> <span class='ocrx_word' id='word_1_227' title='bbox 1021 2819 1063 2876; x_wconf 90' lang='lat' dir='ltr'>sic</span> <span class='ocrx_word' id='word_1_228' title='bbox 1097 2820 1293 2877; x_wconf 89' lang='lat' dir='ltr'>iudicandum</span> <span class='ocrx_word' id='word_1_229' title='bbox 1319 2822 1356 2878; x_wconf 88' lang='lat' dir='ltr'>de</span> 
     </span>
     <span class='ocr_line' id='line_1_28' title="bbox 367 2905 1356 2983; baseline 0.005 -23"><span class='ocrx_word' id='word_1_230' title='bbox 367 2905 474 2977; x_wconf 85' lang='lat' dir='ltr'>heresi,</span> <span class='ocrx_word' id='word_1_231' title='bbox 499 2923 554 2963; x_wconf 87' lang='lat' dir='ltr'>nec</span> <span class='ocrx_word' id='word_1_232' title='bbox 578 2920 698 2962; x_wconf 88' lang='lat' dir='ltr'>excusat</span> <span class='ocrx_word' id='word_1_233' title='bbox 714 2906 921 2979; x_wconf 90' lang='lat' dir='ltr'>ignoranciam</span> <span class='ocrx_word' id='word_1_234' title='bbox 944 2927 1048 2963; x_wconf 87' lang='lat' dir='ltr'>eorum</span> <span class='ocrx_word' id='word_1_235' title='bbox 1068 2909 1148 2980; x_wconf 93' lang='lat' dir='ltr'>quod</span> <span class='ocrx_word' id='word_1_236' title='bbox 1166 2921 1292 2983; x_wconf 91' lang='lat' dir='ltr'>possunt</span> <span class='ocrx_word' id='word_1_237' title='bbox 1317 2910 1356 2964; x_wconf 91' lang='lat' dir='ltr'>ad</span> 
     </span>
     <span class='ocr_line' id='line_1_29' title="bbox 368 2991 1356 3070; baseline 0.003 -22"><span class='ocrx_word' id='word_1_238' title='bbox 368 2995 424 3049; x_wconf 89' lang='lat' dir='ltr'>hoc</span> <span class='ocrx_word' id='word_1_239' title='bbox 448 3011 555 3050; x_wconf 90' lang='lat' dir='ltr'>vocare</span> <span class='ocrx_word' id='word_1_240' title='bbox 578 2991 703 3049; x_wconf 89' lang='lat' dir='ltr'>clericos</span> <span class='ocrx_word' id='word_1_241' title='bbox 724 2993 770 3049; x_wconf 91' lang='lat' dir='ltr'>vel</span> <span class='ocrx_word' id='word_1_242' title='bbox 797 2993 918 3050; x_wconf 89' lang='lat' dir='ltr'>sciollos</span> <span class='ocrx_word' id='word_1_243' title='bbox 942 2994 1015 3068; x_wconf 89' lang='lat' dir='ltr'>legis</span> <span class='ocrx_word' id='word_1_244' title='bbox 1033 2994 1090 3063; x_wconf 89' lang='lat' dir='ltr'>dei,</span> <span class='ocrx_word' id='word_1_245' title='bbox 1108 2994 1179 3069; x_wconf 90' lang='lat' dir='ltr'>quia</span> <span class='ocrx_word' id='word_1_246' title='bbox 1196 2994 1238 3052; x_wconf 91' lang='lat' dir='ltr'>sic</span> <span class='ocrx_word' id='word_1_247' title='bbox 1256 3007 1356 3070; x_wconf 90' lang='lat' dir='ltr'>potest</span> 
     </span>
     <span class='ocr_line' id='line_1_30' title="bbox 369 3079 1355 3157; baseline 0.004 -22"><span class='ocrx_word' id='word_1_248' title='bbox 369 3080 535 3154; x_wconf 91' lang='lat' dir='ltr'>imperator</span> <span class='ocrx_word' id='word_1_249' title='bbox 568 3095 596 3137; x_wconf 95' lang='lat' dir='ltr'>et</span> <span class='ocrx_word' id='word_1_250' title='bbox 629 3079 733 3154; x_wconf 86' lang='lat' dir='ltr'>apcius</span> <span class='ocrx_word' id='word_1_251' title='bbox 767 3082 805 3137; x_wconf 91' lang='lat' dir='ltr'>ad</span> <span class='ocrx_word' id='word_1_252' title='bbox 838 3081 1078 3138; x_wconf 90' lang='lat' dir='ltr'>convincendum</span> <span class='ocrx_word' id='word_1_253' title='bbox 1113 3081 1210 3139; x_wconf 90' lang='lat' dir='ltr'>eciam</span> <span class='ocrx_word' id='word_1_254' title='bbox 1242 3102 1355 3157; x_wconf 88' lang='lat' dir='ltr'>papam</span> 
     </span>
     <span class='ocr_line' id='line_1_31' title="bbox 368 3166 1403 3241; baseline 0.002 -19"><span class='ocrx_word' id='word_1_255' title='bbox 368 3186 459 3241; x_wconf 87' lang='lat' dir='ltr'>super</span> <span class='ocrx_word' id='word_1_256' title='bbox 483 3166 614 3224; x_wconf 92' lang='lat' dir='ltr'>heretica</span> <span class='ocrx_word' id='word_1_257' title='bbox 638 3166 796 3241; x_wconf 88' lang='lat' dir='ltr'>pravitate.</span> <span class='ocrx_word' id='word_1_258' title='bbox 1369 3175 1403 3224; x_wconf 82' lang='lat'>30</span> 
     </span>
     <span class='ocr_line' id='line_1_32' title="bbox 198 3253 1354 3332; baseline 0.002 -22"><span class='ocrx_word' id='word_1_259' title='bbox 198 3277 311 3332; x_wconf 82' lang='lat' dir='ltr'>Quamtes</span> <span class='ocrx_word' id='word_1_260' title='bbox 413 3253 586 3328; x_wconf 85' lang='lat' dir='ltr'>Requiritur</span> <span class='ocrx_word' id='word_1_261' title='bbox 603 3274 674 3328; x_wconf 89' lang='lat' dir='ltr'>ergo</span> <span class='ocrx_word' id='word_1_262' title='bbox 691 3253 822 3311; x_wconf 90' lang='lat' dir='ltr'>iudicem</span> <span class='ocrx_word' id='word_1_263' title='bbox 841 3256 950 3312; x_wconf 92' lang='lat' dir='ltr'>habere</span> <span class='ocrx_word' id='word_1_264' title='bbox 967 3254 1161 3312; x_wconf 87' lang='lat' dir='ltr'>inflexibilem</span> <span class='ocrx_word' id='word_1_265' title='bbox 1180 3255 1354 3330; x_wconf 89' lang='lat' dir='ltr'>potenciam</span> 
     </span>
     <span class='ocr_line' id='line_1_33' title="bbox 176 3330 1357 3437; baseline 0.002 -40"><span class='ocrx_word' id='word_1_266' title='bbox 176 3330 329 3437; x_wconf 59' lang='lat' dir='ltr'>neejqeddgeina</span> <span class='ocrx_word' id='word_1_267' title='bbox 369 3343 623 3415; x_wconf 90' lang='lat' dir='ltr'>corespondenter</span> <span class='ocrx_word' id='word_1_268' title='bbox 638 3343 675 3397; x_wconf 93' lang='lat' dir='ltr'>ad</span> <span class='ocrx_word' id='word_1_269' title='bbox 692 3343 780 3397; x_wconf 88' lang='lat' dir='ltr'>deum</span> <span class='ocrx_word' id='word_1_270' title='bbox 800 3356 927 3415; x_wconf 89' lang='lat' dir='ltr'>patrem,</span> <span class='ocrx_word' id='word_1_271' title='bbox 946 3342 1108 3417; x_wconf 90' lang='lat' dir='ltr'>requiritur</span> <span class='ocrx_word' id='word_1_272' title='bbox 1124 3345 1257 3400; x_wconf 90' lang='lat' dir='ltr'>secundo</span> <span class='ocrx_word' id='word_1_273' title='bbox 1275 3345 1357 3418; x_wconf 94' lang='lat' dir='ltr'>quod</span> 
     </span>
     <span class='ocr_line' id='line_1_34' title="bbox 369 3427 1357 3504; baseline 0.004 -20"><span class='ocrx_word' id='word_1_274' title='bbox 369 3429 477 3484; x_wconf 88' lang='lat' dir='ltr'>habeat</span> <span class='ocrx_word' id='word_1_275' title='bbox 507 3427 727 3485; x_wconf 88' lang='lat' dir='ltr'>conscienciam</span> <span class='ocrx_word' id='word_1_276' title='bbox 758 3428 894 3485; x_wconf 91' lang='lat' dir='ltr'>timendo</span> <span class='ocrx_word' id='word_1_277' title='bbox 919 3433 1007 3485; x_wconf 91' lang='lat' dir='ltr'>deum</span> <span class='ocrx_word' id='word_1_278' title='bbox 1037 3432 1294 3504; x_wconf 90' lang='lat' dir='ltr'>corespondenter</span> <span class='ocrx_word' id='word_1_279' title='bbox 1318 3433 1357 3488; x_wconf 94' lang='lat' dir='ltr'>ad</span> 
     </span>
    </p>
   </div>
   <div class='ocr_carea' id='block_1_3' title="bbox 366 3663 1355 3877">
    <p class='ocr_par' dir='ltr' id='par_1_3' title="bbox 366 3663 1355 3877">
     <span class='ocr_line' id='line_1_35' title="bbox 420 3663 1354 3722; baseline 0.003 -15"><span class='ocrx_word' id='word_1_280' title='bbox 420 3677 434 3707; x_wconf 93' lang='lat'>1.</span> <span class='ocrx_word' id='word_1_281' title='bbox 451 3664 527 3716; x_wconf 86' lang='lat' dir='ltr'>primo</span> <span class='ocrx_word' id='word_1_282' title='bbox 542 3663 607 3721; x_wconf 55' lang='lat' dir='ltr'>oepit.</span> <span class='ocrx_word' id='word_1_283' title='bbox 662 3677 681 3708; x_wconf 87' lang='lat'>2.</span> <span class='ocrx_word' id='word_1_284' title='bbox 697 3665 777 3708; x_wconf 79' lang='lat' dir='ltr'>fratris</span> <span class='ocrx_word' id='word_1_285' title='bbox 791 3665 824 3708; x_wconf 89' lang='lat' dir='ltr'>tui</span> <span class='ocrx_word' id='word_1_286' title='bbox 839 3678 879 3722; x_wconf 83' lang='lat' dir='ltr'>ag,</span> <span class='ocrx_word' id='word_1_287' title='bbox 895 3666 927 3708; x_wconf 86' lang='lat' dir='ltr'>tui</span> <span class='ocrx_word' id='word_1_288' title='bbox 939 3679 983 3708; x_wconf 91' lang='lat' dir='ltr'>om.</span> <span class='ocrx_word' id='word_1_289' title='bbox 994 3667 1080 3713; x_wconf 82' lang='lat' dir='ltr'>ceteri:</span> <span class='ocrx_word' id='word_1_290' title='bbox 1096 3672 1160 3720; x_wconf 89' lang='lat' dir='ltr'>potes</span> <span class='ocrx_word' id='word_1_291' title='bbox 1176 3667 1198 3709; x_wconf 82' lang='lat' dir='ltr'>lt.</span> <span class='ocrx_word' id='word_1_292' title='bbox 1255 3679 1275 3720; x_wconf 92' lang='lat'>7.</span> <span class='ocrx_word' id='word_1_293' title='bbox 1291 3669 1354 3721; x_wconf 89' lang='lat' dir='ltr'>quod</span> 
     </span>
     <span class='ocr_line' id='line_1_36' title="bbox 366 3716 1354 3773; baseline 0.005 -15"><span class='ocrx_word' id='word_1_294' title='bbox 366 3723 387 3758; x_wconf 91' lang='lat' dir='ltr'>et</span> <span class='ocrx_word' id='word_1_295' title='bbox 402 3724 493 3760; x_wconf 85' lang='lat' dir='ltr'>tenetur</span> <span class='ocrx_word' id='word_1_296' title='bbox 508 3717 530 3759; x_wconf 79' lang='lat' dir='ltr'>h.</span> <span class='ocrx_word' id='word_1_297' title='bbox 610 3716 632 3771; x_wconf 80' lang='lat'>8,</span> <span class='ocrx_word' id='word_1_298' title='bbox 647 3729 668 3772; x_wconf 79' lang='lat'>9.</span> <span class='ocrx_word' id='word_1_299' title='bbox 685 3718 719 3760; x_wconf 87' lang='lat' dir='ltr'>sic</span> <span class='ocrx_word' id='word_1_300' title='bbox 733 3742 754 3749; x_wconf 94' lang='lat'><em>-</em></span> <span class='ocrx_word' id='word_1_301' title='bbox 768 3730 909 3771; x_wconf 87' lang='lat' dir='ltr'>cognoscere</span> <span class='ocrx_word' id='word_1_302' title='bbox 923 3720 955 3761; x_wconf 85' lang='lat' dir='ltr'>al.</span> <span class='ocrx_word' id='word_1_303' title='bbox 971 3731 998 3760; x_wconf 92' lang='lat' dir='ltr'>m.</span> <span class='ocrx_word' id='word_1_304' title='bbox 1015 3721 1044 3770; x_wconf 78' lang='lat'>11,·</span> <span class='ocrx_word' id='word_1_305' title='bbox 1065 3719 1094 3761; x_wconf 84' lang='lat' dir='ltr'>ib.</span> <span class='ocrx_word' id='word_1_306' title='bbox 1110 3726 1179 3773; x_wconf 87' lang='lat' dir='ltr'>atque</span> <span class='ocrx_word' id='word_1_307' title='bbox 1194 3721 1305 3763; x_wconf 89' lang='lat' dir='ltr'>humilior</span> <span class='ocrx_word' id='word_1_308' title='bbox 1320 3732 1354 3763; x_wconf 89' lang='lat' dir='ltr'>ce.</span> 
     </span>
     <span class='ocr_line' id='line_1_37' title="bbox 367 3768 1354 3827; baseline 0.004 -17"><span class='ocrx_word' id='word_1_309' title='bbox 367 3781 398 3811; x_wconf 92' lang='lat'>10.</span> <span class='ocrx_word' id='word_1_310' title='bbox 415 3769 458 3811; x_wconf 88' lang='lat' dir='ltr'>lroc</span> <span class='ocrx_word' id='word_1_311' title='bbox 469 3771 544 3823; x_wconf 84' lang='lat' dir='ltr'>magis</span> <span class='ocrx_word' id='word_1_312' title='bbox 558 3768 634 3826; x_wconf 61' lang='lat' dir='ltr'>bccffg.</span> <span class='ocrx_word' id='word_1_313' title='bbox 690 3783 721 3819; x_wconf 85' lang='lat'>10,</span> <span class='ocrx_word' id='word_1_314' title='bbox 734 3783 759 3812; x_wconf 80' lang='lat'>11.</span> <span class='ocrx_word' id='word_1_315' title='bbox 771 3777 791 3812; x_wconf 88' lang='lat' dir='ltr'>et</span> <span class='ocrx_word' id='word_1_316' title='bbox 803 3771 918 3813; x_wconf 83' lang='lat' dir='ltr'>hereticus</span> <span class='ocrx_word' id='word_1_317' title='bbox 928 3769 984 3824; x_wconf 77' lang='lat' dir='ltr'>bref.</span> <span class='ocrx_word' id='word_1_318' title='bbox 1041 3783 1069 3813; x_wconf 87' lang='lat'>12.</span> <span class='ocrx_word' id='word_1_319' title='bbox 1085 3771 1119 3813; x_wconf 87' lang='lat' dir='ltr'>tit.</span> <span class='ocrx_word' id='word_1_320' title='bbox 1135 3784 1179 3813; x_wconf 88' lang='lat' dir='ltr'>om.</span> <span class='ocrx_word' id='word_1_321' title='bbox 1193 3774 1230 3827; x_wconf 78' lang='lat' dir='ltr'>gi,</span> <span class='ocrx_word' id='word_1_322' title='bbox 1245 3773 1276 3814; x_wconf 86' lang='lat' dir='ltr'>al.</span> <span class='ocrx_word' id='word_1_323' title='bbox 1287 3785 1316 3814; x_wconf 84' lang='lat' dir='ltr'>m.</span> <span class='ocrx_word' id='word_1_324' title='bbox 1331 3785 1354 3815; x_wconf 86' lang='lat' dir='ltr'>a.</span> 
     </span>
     <span class='ocr_line' id='line_1_38' title="bbox 367 3816 1355 3877; baseline 0.003 -14"><span class='ocrx_word' id='word_1_325' title='bbox 367 3820 396 3864; x_wconf 81' lang='lat'>13.</span> <span class='ocrx_word' id='word_1_326' title='bbox 411 3833 465 3875; x_wconf 84' lang='lat' dir='ltr'>cap.</span> <span class='ocrx_word' id='word_1_327' title='bbox 481 3821 541 3863; x_wconf 89' lang='lat' dir='ltr'>Tota</span> <span class='ocrx_word' id='word_1_328' title='bbox 556 3823 593 3863; x_wconf 83' lang='lat' dir='ltr'>ab.</span> <span class='ocrx_word' id='word_1_329' title='bbox 658 3835 688 3869; x_wconf 77' lang='lat'>11·</span> <span class='ocrx_word' id='word_1_330' title='bbox 705 3836 854 3864; x_wconf 83' lang='lat' dir='ltr'>communem</span> <span class='ocrx_word' id='word_1_331' title='bbox 870 3824 923 3865; x_wconf 88' lang='lat' dir='ltr'>eccl.</span> <span class='ocrx_word' id='word_1_332' title='bbox 940 3816 972 3877; x_wconf 70' lang='lat' dir='ltr'>bf,</span> <span class='ocrx_word' id='word_1_333' title='bbox 989 3836 1049 3866; x_wconf 82' lang='lat' dir='ltr'>corr.</span> <span class='ocrx_word' id='word_1_334' title='bbox 1065 3825 1088 3866; x_wconf 88' lang='lat' dir='ltr'>t&#39;n</span> <span class='ocrx_word' id='word_1_335' title='bbox 1103 3830 1176 3866; x_wconf 83' lang='lat' dir='ltr'>totam</span> <span class='ocrx_word' id='word_1_336' title='bbox 1190 3827 1214 3876; x_wconf 84' lang='lat' dir='ltr'>d,</span> <span class='ocrx_word' id='word_1_337' title='bbox 1234 3836 1355 3867; x_wconf 92' lang='lat' dir='ltr'>commun.</span> 
     </span>
    </p>
   </div>
   <div class='ocr_carea' id='block_1_4' title="bbox 367 3869 1356 3970">
    <p class='ocr_par' dir='ltr' id='par_1_4' title="bbox 367 3869 1356 3970">
     <span class='ocr_line' id='line_1_39' title="bbox 367 3869 1356 3970; baseline 0.004 -56"><span class='ocrx_word' id='word_1_338' title='bbox 367 3880 439 3915; x_wconf 85' lang='lat' dir='ltr'>totam</span> <span class='ocrx_word' id='word_1_339' title='bbox 450 3873 485 3928; x_wconf 85' lang='lat' dir='ltr'>gi,</span> <span class='ocrx_word' id='word_1_340' title='bbox 501 3881 542 3914; x_wconf 91' lang='lat' dir='ltr'>tot.</span> <span class='ocrx_word' id='word_1_341' title='bbox 553 3875 583 3916; x_wconf 81' lang='lat' dir='ltr'>al.</span> <span class='ocrx_word' id='word_1_342' title='bbox 595 3886 623 3914; x_wconf 87' lang='lat' dir='ltr'>m.</span> <span class='ocrx_word' id='word_1_343' title='bbox 634 3874 687 3916; x_wconf 81' lang='lat' dir='ltr'>add.</span> <span class='ocrx_word' id='word_1_344' title='bbox 698 3887 720 3917; x_wconf 84' lang='lat' dir='ltr'>a.</span> <span class='ocrx_word' id='word_1_345' title='bbox 775 3888 805 3927; x_wconf 84' lang='lat'>¹7·</span> <span class='ocrx_word' id='word_1_346' title='bbox 817 3875 900 3935; x_wconf 31' lang='lat' dir='ltr'>quo-ad</span> <span class='ocrx_word' id='word_1_347' title='bbox 913 3869 1082 3929; x_wconf 74' lang='lat' dir='ltr'>implementum</span> <span class='ocrx_word' id='word_1_348' title='bbox 1094 3874 1153 3932; x_wconf 81' lang='lat' dir='ltr'>bcef.</span> <span class='ocrx_word' id='word_1_349' title='bbox 1210 3878 1240 3929; x_wconf 84' lang='lat'>18,</span> <span class='ocrx_word' id='word_1_350' title='bbox 1253 3887 1284 3970; x_wconf 61' lang='grc' dir='ltr'>[ἓ.</span> <span class='ocrx_word' id='word_1_351' title='bbox 1296 3877 1356 3918; x_wconf 87' lang='lat' dir='ltr'>iudi-</span> 
     </span>
    </p>
   </div>
   <div class='ocr_carea' id='block_1_5' title="bbox 366 3925 1359 4280">
    <p class='ocr_par' dir='ltr' id='par_1_5' title="bbox 366 3925 1359 4280">
     <span class='ocr_line' id='line_1_40' title="bbox 368 3925 1357 3981; baseline 0.005 -15"><span class='ocrx_word' id='word_1_352' title='bbox 368 3925 429 3967; x_wconf 89' lang='lat' dir='ltr'>cium</span> <span class='ocrx_word' id='word_1_353' title='bbox 441 3927 466 3967; x_wconf 82' lang='lat' dir='ltr'>al</span> <span class='ocrx_word' id='word_1_354' title='bbox 484 3938 511 3966; x_wconf 92' lang='lat' dir='ltr'>m.</span> <span class='ocrx_word' id='word_1_355' title='bbox 521 3925 543 3966; x_wconf 80' lang='lat' dir='ltr'>lt.</span> <span class='ocrx_word' id='word_1_356' title='bbox 587 3938 616 3979; x_wconf 72' lang='lat'>¹⁴)-</span> <span class='ocrx_word' id='word_1_357' title='bbox 629 3938 698 3968; x_wconf 88' lang='lat' dir='ltr'>canes</span> <span class='ocrx_word' id='word_1_358' title='bbox 705 3939 749 3980; x_wconf 86' lang='lat' dir='ltr'>pro</span> <span class='ocrx_word' id='word_1_359' title='bbox 758 3939 806 3968; x_wconf 85' lang='lat' dir='ltr'>sen.</span> <span class='ocrx_word' id='word_1_360' title='bbox 818 3933 844 3973; x_wconf 75' lang='lat' dir='ltr'>n:</span> <span class='ocrx_word' id='word_1_361' title='bbox 860 3928 889 3968; x_wconf 84' lang='lat' dir='ltr'>rb.</span> <span class='ocrx_word' id='word_1_362' title='bbox 901 3935 989 3970; x_wconf 83' lang='lat' dir='ltr'>veteres</span> <span class='ocrx_word' id='word_1_363' title='bbox 1000 3939 1061 3970; x_wconf 87' lang='lat' dir='ltr'>corr.</span> <span class='ocrx_word' id='word_1_364' title='bbox 1074 3929 1098 3970; x_wconf 85' lang='lat' dir='ltr'>in</span> <span class='ocrx_word' id='word_1_365' title='bbox 1115 3928 1191 3981; x_wconf 85' lang='lat' dir='ltr'>presb.</span> <span class='ocrx_word' id='word_1_366' title='bbox 1207 3928 1221 3970; x_wconf 84' lang='lat' dir='ltr'>lt</span> <span class='ocrx_word' id='word_1_367' title='bbox 1227 3944 1236 3976; x_wconf 83' lang='lat'>‚·</span> <span class='ocrx_word' id='word_1_368' title='bbox 1251 3930 1260 3970; x_wconf 77' lang='grc' dir='ltr'>τ’</span> <span class='ocrx_word' id='word_1_369' title='bbox 1276 3960 1280 3970; x_wconf 99' lang='grc'>.</span> <span class='ocrx_word' id='word_1_370' title='bbox 1296 3929 1357 3971; x_wconf 91' lang='lat' dir='ltr'>iudi·</span> 
     </span>
     <span class='ocr_line' id='line_1_41' title="bbox 368 3978 1355 4036; baseline 0.004 -18"><span class='ocrx_word' id='word_1_371' title='bbox 368 3984 477 4019; x_wconf 83' lang='lat' dir='ltr'>caverunt</span> <span class='ocrx_word' id='word_1_372' title='bbox 489 3978 567 4020; x_wconf 82' lang='lat' dir='ltr'>ceteri.</span> <span class='ocrx_word' id='word_1_373' title='bbox 622 3989 656 4020; x_wconf 82' lang='lat'>20.</span> <span class='ocrx_word' id='word_1_374' title='bbox 673 3992 685 4019; x_wconf 87' lang='lat' dir='ltr'>a</span> <span class='ocrx_word' id='word_1_375' title='bbox 697 3985 758 4021; x_wconf 88' lang='lat' dir='ltr'>retro</span> <span class='ocrx_word' id='word_1_376' title='bbox 768 3979 799 4033; x_wconf 84' lang='lat' dir='ltr'>cf.</span> <span class='ocrx_word' id='word_1_377' title='bbox 854 3992 884 4021; x_wconf 86' lang='lat'>21.</span> <span class='ocrx_word' id='word_1_378' title='bbox 901 3980 980 4021; x_wconf 87' lang='lat' dir='ltr'>decem</span> <span class='ocrx_word' id='word_1_379' title='bbox 993 3980 1058 4033; x_wconf 83' lang='lat' dir='ltr'>plebe</span> <span class='ocrx_word' id='word_1_380' title='bbox 1067 3980 1113 4036; x_wconf 82' lang='lat' dir='ltr'>bes,</span> <span class='ocrx_word' id='word_1_381' title='bbox 1125 3980 1152 4022; x_wconf 87' lang='lat' dir='ltr'>de</span> <span class='ocrx_word' id='word_1_382' title='bbox 1163 3981 1227 4022; x_wconf 87' lang='lat' dir='ltr'>omui</span> <span class='ocrx_word' id='word_1_383' title='bbox 1239 3982 1262 4023; x_wconf 88' lang='lat' dir='ltr'>t&#39;n</span> <span class='ocrx_word' id='word_1_384' title='bbox 1273 3993 1321 4023; x_wconf 84' lang='lat' dir='ltr'>ras.</span> <span class='ocrx_word' id='word_1_385' title='bbox 1333 3993 1355 4022; x_wconf 85' lang='lat' dir='ltr'>a.</span> 
     </span>
     <span class='ocr_line' id='line_1_42' title="bbox 366 4029 1359 4089; baseline 0.004 -19"><span class='ocrx_word' id='word_1_386' title='bbox 366 4040 399 4088; x_wconf 69' lang='lat' dir='ltr'>rr.</span> <span class='ocrx_word' id='word_1_387' title='bbox 415 4029 536 4071; x_wconf 87' lang='lat' dir='ltr'>dominum</span> <span class='ocrx_word' id='word_1_388' title='bbox 552 4029 574 4071; x_wconf 88' lang='lat' dir='ltr'>in</span> <span class='ocrx_word' id='word_1_389' title='bbox 591 4031 675 4078; x_wconf 78' lang='lat' dir='ltr'>ceteri;</span> <span class='ocrx_word' id='word_1_390' title='bbox 689 4031 718 4072; x_wconf 82' lang='lat' dir='ltr'>ib.</span> <span class='ocrx_word' id='word_1_391' title='bbox 733 4031 825 4073; x_wconf 86' lang='lat' dir='ltr'>oderint</span> <span class='ocrx_word' id='word_1_392' title='bbox 835 4031 870 4079; x_wconf 72' lang='lat'>121,</span> <span class='ocrx_word' id='word_1_393' title='bbox 886 4031 984 4073; x_wconf 87' lang='lat' dir='ltr'>oderunt</span> <span class='ocrx_word' id='word_1_394' title='bbox 995 4033 1072 4074; x_wconf 83' lang='lat' dir='ltr'>ceteri.</span> <span class='ocrx_word' id='word_1_395' title='bbox 1127 4030 1159 4075; x_wconf 85' lang='lat'>23.</span> <span class='ocrx_word' id='word_1_396' title='bbox 1171 4033 1198 4075; x_wconf 89' lang='lat' dir='ltr'>ad</span> <span class='ocrx_word' id='word_1_397' title='bbox 1215 4032 1248 4075; x_wconf 91' lang='lat' dir='ltr'>sic</span> <span class='ocrx_word' id='word_1_398' title='bbox 1256 4033 1304 4076; x_wconf 91' lang='lat' dir='ltr'>iud.</span> <span class='ocrx_word' id='word_1_399' title='bbox 1315 4031 1349 4089; x_wconf 80' lang='lat' dir='ltr'>ds</span> <span class='ocrx_word' id='word_1_400' title='bbox 1349 4048 1359 4085; x_wconf 88' lang='lat'><em>;</em></span> 
     </span>
     <span class='ocr_line' id='line_1_43' title="bbox 367 4082 1356 4139; baseline 0.006 -17"><span class='ocrx_word' id='word_1_401' title='bbox 367 4082 532 4124; x_wconf 84' lang='lat' dir='ltr'>sical.m.l1.</span> <span class='ocrx_word' id='word_1_402' title='bbox 590 4092 624 4132; x_wconf 67' lang='lat'>21·</span> <span class='ocrx_word' id='word_1_403' title='bbox 641 4089 687 4124; x_wconf 90' lang='lat' dir='ltr'>not.</span> <span class='ocrx_word' id='word_1_404' title='bbox 705 4083 791 4137; x_wconf 86' lang='lat' dir='ltr'>precip.</span> <span class='ocrx_word' id='word_1_405' title='bbox 807 4084 899 4139; x_wconf 80' lang='lat' dir='ltr'>abdfgt&#39;.</span> <span class='ocrx_word' id='word_1_406' title='bbox 961 4084 991 4126; x_wconf 84' lang='lat'>25.</span> <span class='ocrx_word' id='word_1_407' title='bbox 1008 4085 1111 4138; x_wconf 87' lang='lat' dir='ltr'>predicte</span> <span class='ocrx_word' id='word_1_408' title='bbox 1125 4085 1159 4127; x_wconf 84' lang='lat' dir='ltr'>clt.</span> <span class='ocrx_word' id='word_1_409' title='bbox 1219 4086 1356 4134; x_wconf 76' lang='lat' dir='ltr'>26.etce11‚</span> 
     </span>
     <span class='ocr_line' id='line_1_44' title="bbox 366 4133 1356 4190; baseline 0.005 -16"><span class='ocrx_word' id='word_1_410' title='bbox 366 4134 396 4174; x_wconf 83' lang='lat' dir='ltr'>al.</span> <span class='ocrx_word' id='word_1_411' title='bbox 409 4145 437 4176; x_wconf 86' lang='lat' dir='ltr'>m.</span> <span class='ocrx_word' id='word_1_412' title='bbox 453 4133 475 4187; x_wconf 88' lang='lat' dir='ltr'>d,</span> <span class='ocrx_word' id='word_1_413' title='bbox 490 4144 534 4175; x_wconf 91' lang='lat' dir='ltr'>om.</span> <span class='ocrx_word' id='word_1_414' title='bbox 546 4135 620 4176; x_wconf 85' lang='lat' dir='ltr'>ceteri</span> <span class='ocrx_word' id='word_1_415' title='bbox 623 4149 632 4185; x_wconf 88' lang='lat'>,·</span> <span class='ocrx_word' id='word_1_416' title='bbox 645 4136 674 4176; x_wconf 84' lang='lat' dir='ltr'>ib.</span> <span class='ocrx_word' id='word_1_417' title='bbox 692 4142 715 4177; x_wconf 89' lang='lat' dir='ltr'>ut</span> <span class='ocrx_word' id='word_1_418' title='bbox 726 4136 815 4189; x_wconf 83' lang='lat' dir='ltr'>dispos.</span> <span class='ocrx_word' id='word_1_419' title='bbox 826 4147 859 4189; x_wconf 84' lang='lat' dir='ltr'>ce,</span> <span class='ocrx_word' id='word_1_420' title='bbox 875 4136 1014 4190; x_wconf 84' lang='lat' dir='ltr'>indisposite</span> <span class='ocrx_word' id='word_1_421' title='bbox 1028 4137 1050 4179; x_wconf 81' lang='lat' dir='ltr'>lt.</span> <span class='ocrx_word' id='word_1_422' title='bbox 1091 4147 1124 4188; x_wconf 81' lang='lat'>27·</span> <span class='ocrx_word' id='word_1_423' title='bbox 1140 4137 1301 4190; x_wconf 82' lang='lat' dir='ltr'>ignoranciam</span> <span class='ocrx_word' id='word_1_424' title='bbox 1317 4137 1356 4186; x_wconf 78' lang='lat' dir='ltr'>dh.</span> 
     </span>
     <span class='ocr_line' id='line_1_45' title="bbox 367 4185 1355 4280; baseline 0.007 -54"><span class='ocrx_word' id='word_1_425' title='bbox 367 4185 502 4280; x_wconf 59' lang='lat' dir='ltr'>qguorancia</span> <span class='ocrx_word' id='word_1_426' title='bbox 526 4185 611 4236; x_wconf 63' lang='grc' dir='ltr'>σι’ῐρνί,Ι</span> <span class='ocrx_word' id='word_1_427' title='bbox 632 4187 660 4228; x_wconf 82' lang='lat' dir='ltr'>ib.</span> <span class='ocrx_word' id='word_1_428' title='bbox 682 4188 744 4242; x_wconf 90' lang='lat' dir='ltr'>quod</span> <span class='ocrx_word' id='word_1_429' title='bbox 768 4189 817 4239; x_wconf 78' lang='lat' dir='ltr'>celi,</span> <span class='ocrx_word' id='word_1_430' title='bbox 844 4190 898 4244; x_wconf 89' lang='lat' dir='ltr'>quia</span> <span class='ocrx_word' id='word_1_431' title='bbox 919 4190 998 4231; x_wconf 85' lang='lat' dir='ltr'>ceteri.</span> <span class='ocrx_word' id='word_1_432' title='bbox 1078 4188 1113 4231; x_wconf 81' lang='lat'>28.</span> <span class='ocrx_word' id='word_1_433' title='bbox 1137 4196 1160 4232; x_wconf 91' lang='lat' dir='ltr'>et</span> <span class='ocrx_word' id='word_1_434' title='bbox 1184 4189 1250 4232; x_wconf 89' lang='lat' dir='ltr'>sclol.</span> <span class='ocrx_word' id='word_1_435' title='bbox 1274 4191 1355 4233; x_wconf 83' lang='lat' dir='ltr'>ceteri.</span> 
     </span>
     <span class='ocr_line' id='line_1_46' title="bbox 381 4250 395 4280; baseline 0 0"><span class='ocrx_word' id='word_1_436' title='bbox 381 4250 395 4280; x_wconf 90' lang='lat'>1.</span> 
     </span>
    </p>
   </div>
   <div class='ocr_carea' id='block_1_6' title="bbox 412 4238 819 4283">
    <p class='ocr_par' dir='ltr' id='par_1_6' title="bbox 412 4238 819 4283">
     <span class='ocr_line' id='line_1_47' title="bbox 412 4238 819 4283; baseline 0.007 -3"><span class='ocrx_word' id='word_1_437' title='bbox 412 4238 513 4280; x_wconf 86' lang='lat' dir='ltr'>inllexib.</span> <span class='ocrx_word' id='word_1_438' title='bbox 529 4250 591 4280; x_wconf 91' lang='lat' dir='ltr'>corr.</span> <span class='ocrx_word' id='word_1_439' title='bbox 607 4251 635 4281; x_wconf 87' lang='lat' dir='ltr'>ex</span> <span class='ocrx_word' id='word_1_440' title='bbox 650 4240 781 4282; x_wconf 89' lang='lat' dir='ltr'>inllexivam</span> <span class='ocrx_word' id='word_1_441' title='bbox 797 4253 819 4283; x_wconf 84' lang='lat' dir='ltr'>a.</span> 
     </span>
    </p>
   </div>
   <div class='ocr_carea' id='block_1_7' title="bbox 371 4348 1354 4487">
    <p class='ocr_par' dir='ltr' id='par_1_7' title="bbox 371 4348 1354 4487">
     <span class='ocr_line' id='line_1_48' title="bbox 423 4348 1354 4416; baseline 0.006 -22"><span class='ocrx_word' id='word_1_442' title='bbox 423 4361 460 4394; x_wconf 88' lang='lat'>12.</span> <span class='ocrx_word' id='word_1_443' title='bbox 481 4348 559 4411; x_wconf 92' lang='lat' dir='ltr'>Corp.</span> <span class='ocrx_word' id='word_1_444' title='bbox 574 4348 620 4396; x_wconf 90' lang='lat' dir='ltr'>iur.</span> <span class='ocrx_word' id='word_1_445' title='bbox 632 4363 688 4396; x_wconf 88' lang='lat' dir='ltr'>can.</span> <span class='ocrx_word' id='word_1_446' title='bbox 700 4350 774 4397; x_wconf 89' lang='lat' dir='ltr'>Decr.</span> <span class='ocrx_word' id='word_1_447' title='bbox 785 4349 823 4397; x_wconf 88' lang='lat' dir='ltr'>De</span> <span class='ocrx_word' id='word_1_448' title='bbox 836 4350 953 4398; x_wconf 87' lang='lat' dir='ltr'>Simonia</span> <span class='ocrx_word' id='word_1_449' title='bbox 965 4351 995 4411; x_wconf 95' lang='lat' dir='ltr'>V,</span> <span class='ocrx_word' id='word_1_450' title='bbox 1008 4352 1030 4411; x_wconf 82' lang='lat'>3,</span> <span class='ocrx_word' id='word_1_451' title='bbox 1042 4365 1057 4414; x_wconf 89' lang='lat'>7</span> <span class='ocrx_word' id='word_1_452' title='bbox 1068 4351 1231 4415; x_wconf 73' lang='lat' dir='ltr'>(Friedberg</span> <span class='ocrx_word' id='word_1_453' title='bbox 1243 4351 1272 4413; x_wconf 85' lang='grc' dir='ltr'>ΙΙ,</span> <span class='ocrx_word' id='word_1_454' title='bbox 1283 4351 1354 4416; x_wconf 84' lang='lat'>750).</span> 
     </span>
     <span class='ocr_line' id='line_1_49' title="bbox 371 4416 1291 4487; baseline 0.007 -24"><span class='ocrx_word' id='word_1_455' title='bbox 371 4431 409 4479; x_wconf 87' lang='lat'>17.</span> <span class='ocrx_word' id='word_1_456' title='bbox 429 4416 512 4465; x_wconf 77' lang='lat' dir='ltr'>levit.</span> <span class='ocrx_word' id='word_1_457' title='bbox 536 4418 563 4466; x_wconf 85' lang='lat'>13</span> <span class='ocrx_word' id='word_1_458' title='bbox 585 4427 610 4465; x_wconf 90' lang='lat' dir='ltr'>et</span> <span class='ocrx_word' id='word_1_459' title='bbox 630 4432 670 4465; x_wconf 89' lang='lat'>21.</span> <span class='ocrx_word' id='word_1_460' title='bbox 743 4432 783 4466; x_wconf 83' lang='lat'>20.</span> <span class='ocrx_word' id='word_1_461' title='bbox 804 4419 886 4466; x_wconf 87' lang='lat' dir='ltr'>Exod.</span> <span class='ocrx_word' id='word_1_462' title='bbox 905 4418 942 4480; x_wconf 81' lang='lat'>18,</span> <span class='ocrx_word' id='word_1_463' title='bbox 964 4434 1003 4468; x_wconf 88' lang='lat'>21.</span> <span class='ocrx_word' id='word_1_464' title='bbox 1024 4421 1088 4468; x_wconf 89' lang='lat' dir='ltr'>Dan.</span> <span class='ocrx_word' id='word_1_465' title='bbox 1107 4436 1144 4483; x_wconf 89' lang='lat'>14,</span> <span class='ocrx_word' id='word_1_466' title='bbox 1165 4435 1196 4487; x_wconf 78' lang='lat'>29</span> <span class='ocrx_word' id='word_1_467' title='bbox 1216 4435 1291 4486; x_wconf 85' lang='lat' dir='ltr'>seqq.</span> 
     </span>
    </p>
   </div>
   <div class='ocr_carea' id='block_1_8' title="bbox 0 0 1565 5168">
    <p class='ocr_par' dir='ltr' id='par_1_8' title="bbox 0 0 1565 5168">
     <span class='ocr_line' id='line_1_50' title="bbox 0 0 1565 5168; baseline 0 0"><span class='ocrx_word' id='word_1_468' title='bbox 0 0 1565 5168; x_wconf 95' lang='lat' dir='ltr'> </span> 
     </span>
    </p>
   </div>
  </div>
 </body>
</html>
