3104 5168
148 455 189 526 46
692 458 861 510 sonamus
879 458 1019 509 wvcur
1115 495 1118 502 .
1220 437 1352 526 [cmiv.

365 622 447 695 quod
463 620 501 676 sit
514 623 609 676 bonus
625 619 656 675 in
673 638 744 676 casu
754 638 815 693 quo
832 619 869 675 sit
885 619 922 675 de
938 618 1064 692 gremio,
1082 620 1134 675 sed
1150 637 1219 676 cum
1236 617 1352 675 alienus

160 721 338 778 Thatapriest
364 707 494 781 eligitur,
519 708 608 763 debet
629 724 692 763 esse
716 707 858 782 optimus.
883 707 996 763 Contra
1021 706 1109 762 istam
1134 706 1248 779 glosam
1264 723 1353 763 vene-

148 775 242 872 ”lffssssl
253 775 354 870 ,bffffissff
364 814 469 851 nosam
494 793 629 868 arguitur
645 793 744 868 primo
761 812 815 869 per
831 794 888 849 hoc
904 795 987 867 quod
1003 792 1125 867 spiritus
1142 805 1263 850 sanctus
1279 792 1353 848 dicit

181 879 322 973 shopltdhnot
365 883 446 956 quod
470 881 655 956 prestancior
679 881 761 937 omni
785 881 897 956 populo
922 880 1049 954 eligatur
1072 882 1110 937 ad
1133 879 1353 950 sacerdocium,

158 943 258 1043 abprveetp
274 943 346 1028 bilici
366 971 448 1043 quod
471 970 567 1042 glosat
591 970 697 1025 doctor
725 967 870 1043 implicite
898 970 980 1041 quod
1003 987 1064 1024 non
1087 967 1276 1041 prestancior
1307 967 1379 1023 vel5

197 1035 308 1078 ⁰¹¹‘⁵¹d“'
367 1056 509 1126 sanctior,
533 1057 585 1112 sed
602 1055 633 1111 in
649 1074 719 1112 casu
735 1055 845 1112 virtute
869 1054 1020 1110 abieccior
1043 1055 1180 1128 eligatur,
1205 1068 1238 1110 ut
1254 1054 1353 1128 posito

367 1144 447 1217 quod
472 1145 509 1199 de
532 1155 596 1199 tota
619 1142 836 1198 communitate
861 1141 988 1215 eligatur
1011 1141 1164 1198 remissior
1187 1141 1217 1197 in
1234 1141 1353 1211 virtute,

366 1243 438 1287 tunc
465 1231 630 1286 secundum
659 1230 773 1303 glosam
799 1229 832 1284 lit
856 1228 967 1285 eleccio
990 1229 1067 1285 sicut
1096 1231 1195 1285 debet.
1227 1231 1270 1283 Ex
1293 1247 1354 1302 quo

366 1316 501 1391 sequitur
517 1335 656 1390 perversa
673 1316 826 1374 conclusio
843 1315 1001 1390 glosatoris
1018 1328 1046 1373 et
1063 1328 1155 1390 patet,
1172 1317 1254 1390 quod
1271 1316 1354 1389 glosa

367 1404 461 1460 inficit
477 1405 611 1477 regulam
634 1403 773 1477 eligendi.
798 1406 872 1460 ltem
896 1422 1034 1477 suppono
1058 1405 1140 1477 quod
1163 1421 1217 1477 per
1241 1404 1353 1458 bonum
1369 1425 1400 1458 ιο

367 1490 552 1564 intelligatur
584 1493 696 1546 bonum
731 1491 894 1562 moraliter,
927 1490 999 1563 quia
1031 1490 1118 1547 aliter
1148 1489 1300 1546 sufficeret
1323 1489 1355 1545 in

368 1597 438 1635 casu
462 1577 571 1651 eligere
595 1577 722 1634 asinum.
757 1577 805 1634 Sic
830 1577 909 1634 enim
939 1590 1059 1650 oportet
1087 1594 1159 1633 sane
1187 1575 1354 1650 intelligere

368 1666 497 1738 glossam
533 1683 600 1720 cum
634 1665 695 1720 suis
728 1664 967 1736 fundacionibus,
1001 1667 1123 1738 quando
1156 1662 1239 1735 dicit,
1272 1664 1355 1738 quod

368 1770 402 1808 eo
426 1751 492 1825 ipso
516 1764 559 1808 est
583 1751 692 1825 aliquis
716 1754 811 1808 bonus
835 1771 895 1825 quo
919 1770 980 1807 non
1003 1765 1047 1807 est
1073 1752 1178 1822 malus,
1209 1751 1266 1807 hoc
1294 1763 1352 1806 est:

367 1852 438 1895 tunc
464 1851 507 1894 est
531 1841 626 1895 bonus
651 1841 773 1913 quando
801 1852 844 1894 est
873 1857 934 1894 non
962 1838 1059 1895 malus
1083 1837 1248 1909 moraliter,
1282 1838 1398 1911 quia15

368 1939 401 1982 ut
417 1939 546 2000 arguunt
569 1925 649 1996 loici,
674 1926 761 1982 aliter
776 1925 881 1982 ‚omnis
906 1927 1001 1981 bonus
1025 1924 1194 1982 necessario
1209 1925 1287 1981 foret
1303 1927 1350 1981 ab·

368 2014 464 2076 solute
489 2015 593 2069 bonus.
628 2015 695 2082 Quo
719 2012 886 2088 supposito,
916 2012 1074 2085 prehabito
1102 2012 1183 2069 dicto
1211 2011 1354 2087 apostoli:

370 2100 547 2156 ‘Divisiones
562 2091 732 2173 graciarum
749 2101 839 2171 sunt,
856 2118 994 2174 suppono
1010 2099 1115 2170 tercio,
1133 2101 1214 2173 quod
1229 2099 1357 2173 simplex

156 2204 194 2245 An
209 2202 266 2245 unfit
280 2214 354 2261 panon
369 2187 472 2260 ydiota
495 2187 614 2261 ineptus
637 2187 814 2261 episcopari,
829 2186 1021 2243 canonisetur
1044 2187 1075 2243 in
1100 2186 1225 2242 ecclesia
1254 2187 1356 2242 cathe-

153 2254 445 2360 ffiffl'ssffssllffadrali
475 2274 650 2348 episcopatu
678 2287 812 2346 vacante,
842 2287 870 2330 et
899 2276 980 2348 quod
1011 2292 1116 2330 omnes
1149 2273 1292 2330 electores
1325 2273 1356 2330 in
1367 2298 1401 2332 20

370 2360 467 2435 ipsum
498 2361 699 2433 consenciant,
732 2361 784 2435 qui
813 2362 979 2417 secundum
1007 2360 1182 2434 opinionem
1210 2359 1356 2434 legittime

371 2448 492 2521 eligunt.
532 2450 591 2504 Sed
623 2461 705 2522 patet
738 2468 770 2505 ex
804 2468 874 2504 casu
913 2447 1096 2522 oppositum,
1136 2467 1204 2504 cum
1244 2446 1357 2522 eligunt

371 2554 463 2591 unum
493 2535 655 2591 inhabilem
689 2536 740 2609 qui
769 2538 856 2592 debet
885 2535 1028 2608 aufugere
1056 2535 1130 2591 illud
1158 2554 1244 2607 onus,
1279 2534 1357 2591 sicut

370 2622 495 2695 simplex
527 2622 620 2678 laicus
654 2623 830 2696 coniugatus
863 2624 951 2679 debet
983 2640 1109 2678 renuere
1132 2622 1356 2694 canonicatum,

370 2729 431 2765 non
459 2711 597 2766 obstante
630 2712 712 2783 quod
740 2710 777 2766 sit
800 2711 886 2766 valde
915 2711 1011 2765 bonus
1035 2722 1063 2765 et
1081 2705 1141 2783 'per
1164 2728 1275 2783 papam
1305 2717 1400 2769 aut25

371 2796 537 2870 capitulum
570 2797 705 2870 eligatur.
740 2800 810 2854 ldeo
833 2796 931 2853 omnis
961 2796 1053 2852 elecio
1078 2815 1169 2869 quam
1199 2798 1272 2854 deus
1295 2815 1358 2852 non

370 2885 518 2958 approbat
552 2897 596 2940 est
627 2883 747 2955 iniusta,
781 2887 833 2940 sed
866 2902 987 2940 omnem
1023 2882 1204 2940 eleccionem
1237 2883 1269 2940 in
1296 2902 1358 2958 qua

370 2989 431 3026 non
463 2970 583 3045 eligitur
606 2970 735 3027 habilior
767 2973 804 3027 ad
839 2971 974 3027 officium
1006 2969 1157 3042 elecionis,
1192 2973 1264 3027 deus
1296 2989 1358 3027 non

370 3060 528 3130 approbat,
561 3078 632 3131 ergo
664 3057 762 3114 omnis
790 3058 858 3114 talis
891 3057 1002 3114 eleccio
1027 3070 1070 3114 est
1103 3057 1233 3129 iniusta‘,
1263 3057 1359 3114 maior

371 3157 452 3216 patet
477 3165 510 3201 ex
535 3147 591 3201 hoc
615 3148 696 3219 quod
720 3145 801 3213 nulla
825 3145 893 3201 talis
914 3145 1025 3202 eleccio
1043 3158 1086 3202 est
1101 3143 1281 3217 necessaria,
1306 3146 1358 3201 sed
1370 3155 1403 3206 30

371 3232 394 3286 si
419 3232 456 3287 sit
480 3232 572 3304 licita,
598 3236 670 3289 deus
694 3231 900 3307 principaliter
917 3232 998 3306 eligit
1014 3232 1046 3288 in
1062 3232 1191 3289 electore
1207 3244 1309 3289 creato
1325 3245 1359 3287 ut

173 3329 241 3402 'eod
258 3331 321 3384 gives
371 3337 495 3392 organo,
514 3321 572 3376 seu
589 3339 657 3375 cum
670 3322 742 3375 deus
758 3338 819 3375 non
831 3332 930 3393 potest
944 3338 1080 3393 peccare,
1096 3319 1214 3376 videtur
1224 3321 1306 3394 quod
1323 3337 1359 3375 eo

158 3382 362 3488 l‡}¹e¹{,⁵⁵fh{¹¹ssg¹e⁰s,
372 3403 438 3479 ipso
462 3425 522 3479 quo
544 3407 616 3463 deus
639 3424 823 3481 quemquam
848 3407 930 3480 eligit
954 3407 1165 3480 postponendo
1186 3407 1270 3478 alios,
1295 3405 1359 3481 ipse

154 3488 173 3528 ³⁵
188 3494 211 3530 1⁰
224 3499 313 3580 0ffif⁸⁰
326 3486 362 3528 ¹¹1⁵
372 3491 547 3567 simpliciter
572 3507 614 3549 est
639 3494 733 3567 magis
758 3493 875 3565 habilis,
900 3493 970 3568 quia
995 3493 1090 3567 magis
1114 3493 1221 3550 habilis
1244 3512 1305 3568 quo
1321 3495 1360 3550 ad

283 3569 286 3579 '
373 3580 472 3638 deum.
499 3582 584 3636 Unde
612 3593 735 3654 propter
763 3581 854 3636 talem
883 3581 1138 3637 deformationem
1167 3600 1184 3637 a
1207 3581 1360 3637 voluntate
1372 3586 1404 3639 35

373 3664 474 3722 divina
507 3667 623 3723 videtur
655 3669 809 3724 decretum
842 3667 986 3724 leronimi
1020 3667 1118 3724 dicere
1150 3680 1183 3724 ut
1216 3665 1361 3724 recitatur

426 3932 441 3962 1.
452 3932 507 3963 casu
518 3920 580 3975 quod
591 3920 669 3963 ceteri.
711 3931 730 3968 2.
741 3918 761 3962 3.
772 3926 893 3963 ventosam
897 3921 934 3976 fg
939 3935 948 3970 ‚·
957 3933 1020 3965 corr.
1030 3922 1054 3965 in
1065 3933 1205 3964 venenosam
1215 3921 1256 3964 ad.
1297 3920 1316 3964 3.
1328 3921 1362 3964 sic

374 3972 450 4033 primo
465 3984 507 4028 ag.
552 3987 576 4033 4.
590 3971 682 4027 eligitur
696 3972 718 4014 lr.
765 3984 786 4026 9.
801 3972 867 4068 glosa
878 3985 925 4033 pro
940 3975 1060 4016 conclusio
1070 3974 1161 4030 acdsg;
1175 3974 1204 4016 ib.
1216 3975 1360 4030 glosatorum

373 4029 457 4083 cetera¹
506 4036 535 4067 12¹
552 4037 573 4067 m
590 4036 644 4066 casu
658 4035 701 4066 om.
714 4024 736 4066 lt.
791 4025 938 4068 1.la1c1i..
976 4039 1005 4079 17.
1022 4028 1145 4081 supposito
1160 4033 1182 4069 et
1197 4026 1322 4086 supposito
1336 4026 1359 4068 h.

374 4087 406 4130 19.
422 4077 584 4130 episcopaliter
598 4078 614 4119 i.
660 4087 693 4118 22.
708 4076 754 4121 Sed
771 4083 874 4132 patenter
889 4084 980 4120 constat
994 4090 1021 4120 ex
1035 4079 1113 4121 ceteri.
1159 4090 1170 4120 2
1190 4111 1195 4121 .
1211 4086 1309 4121 retinere
1315 4078 1360 4134 fg,

373 4140 436 4171 corr.
451 4129 475 4172 in
490 4141 586 4172 renuere
599 4130 622 4172 d.
696 4128 729 4172 25.
750 4141 796 4171 non
811 4129 918 4171 obstante
932 4132 963 4173 al.
979 4143 1008 4172 m.
1024 4131 1047 4173 lt.
1120 4131 1155 4174 ab
1172 4093 1233 4174 item
1245 4142 1292 4186 pro
1307 4131 1361 4173 ideo

373 4181 451 4276 {giezi}
517 4179 575 4276 b30.
594 4192 641 4242 pro
663 4182 805 4224 necessaria:
830 4188 911 4224 neutra
932 4183 1012 4226 ceteri.
1101 4181 1131 4226 31.
1155 4184 1178 4226 in
1200 4183 1316 4227 eleccione
1336 4193 1360 4224 a.

405 4265 409 4274 .
442 4245 501 4276 icere
533 4246 574 4275 ene
588 4247 603 4276 1.

430 4392 496 4444 18.1
517 4394 576 4443 Cor.
599 4408 637 4457 12,
656 4411 682 4459 4.
