3104 5168
728 516 984 566 ARGUMENTUM.

362 679 529 752 temporale
554 676 737 751 stipendium
763 676 865 750 gracia
889 676 994 733 salutis
1018 677 1124 751 populi
1149 695 1239 752 quem
1265 676 1351 733 edifi-

361 780 441 838 cant,
466 777 655 822 commutant
681 764 861 822 elemosinas
886 764 1035 836 ordinate,
1061 778 1089 822 et
1117 784 1150 821 ex
1176 762 1240 821 istis
1266 763 1349 821 elicit

361 853 490 926 primam
508 852 732 910 conclusionem
747 854 830 927 quod
843 851 1016 928 quicunque
1030 850 1158 909 clericus
1175 851 1349 909 intencione

360 941 420 998 alia
443 941 489 998 vel
514 959 654 997 mensura
678 939 920 996 benedictionem
944 938 1052 1013 recipit
1076 959 1093 997 a
1119 941 1232 1014 populo
1254 957 1347 1014 quam

361 1028 463 1102 gracia
494 1027 691 1102 spiritualiter
720 1025 882 1084 edificandi
911 1027 1059 1101 populum
1085 1026 1278 1101 symoniacus
1304 1029 1374 1082 esti

361 1117 542 1187 censendus;
581 1117 745 1172 secundam
786 1115 867 1190 quod
901 1113 1074 1190 quicunque
1108 1114 1269 1189 episcopus
1301 1115 1348 1170 vel

361 1216 482 1261 curatus
499 1204 545 1260 vel
561 1201 710 1276 presbiter
726 1203 988 1276 preponderanter
1004 1201 1114 1276 accipit
1130 1202 1222 1260 talem
1234 1213 1346 1258 statum

360 1304 484 1365 propter
501 1292 648 1347 honorem
664 1292 710 1346 vel
727 1291 890 1346 comodum
907 1290 1075 1365 temporale
1092 1301 1136 1346 est
1153 1288 1348 1363 symoniacus

361 1390 389 1434 et
413 1377 562 1435 hereticus
586 1395 768 1453 permanens
792 1375 824 1433 in
840 1376 892 1433 illa
910 1374 1008 1433 heresi
1025 1396 1116 1452 quam
1135 1376 1187 1433 diu
1205 1375 1348 1433 inhabilis

360 1467 398 1522 ad
427 1484 515 1522 suum
544 1465 679 1522 officium
707 1464 869 1522 servaverit
893 1463 978 1519 illum
1003 1477 1131 1537 statum3
1168 1477 1196 1521 et
1218 1462 1345 1521 terciam
1362 1484 1391 1516 10

360 1552 588 1622 conclusionem
606 1551 707 1622 adicit,
725 1553 808 1627 quod
826 1550 983 1626 religiosus
1000 1569 1156 1609 assumens
1167 1551 1345 1625 dignitatem

359 1641 405 1697 vel
428 1639 567 1698 ordinem
592 1639 719 1710 abbatis,
750 1637 869 1712 prioris,
894 1637 1049 1712 dignitatis
1073 1640 1119 1695 vel
1143 1640 1254 1712 gradus
1278 1637 1346 1694 reli-

360 1727 458 1802 gionis
498 1727 720 1803 possessionate
762 1727 807 1782 vel
849 1725 1086 1800 exproprietarie
1119 1727 1186 1801 plus
1220 1737 1346 1800 propter

360 1815 538 1888 dignitatem
564 1828 616 1872 aut
639 1812 872 1889 prosperitatem
899 1816 1085 1870 mundanam
1107 1833 1199 1889 quam
1219 1825 1346 1887 propter

360 1901 556 1959 devocionem
585 1901 616 1958 in
644 1919 777 1976 paupere
801 1899 872 1971 vita,
905 1914 938 1956 ut
964 1903 1111 1958 mundum
1136 1902 1265 1971 deserat,
1301 1903 1388 1957 est15

360 1992 532 2059 anathema,
567 1989 637 2064 quia
670 1987 863 2062 symoniacus
898 2001 927 2044 et
956 1987 1107 2045 hereticus
1135 1987 1166 2043 in
1195 1987 1343 2062 ingressu.

360 2078 401 2133 Ex
433 2076 542 2152 quibus
571 2076 724 2133 concludit
752 2074 898 2132 corelarie
922 2095 1014 2150 quam
1039 2074 1204 2132 intoxicata
1237 2088 1266 2131 et
1298 2093 1344 2130 ex-

360 2163 554 2221 comunicata
591 2175 661 2220 sunt
694 2180 785 2236 regna
819 2181 872 2236 per
904 2163 1039 2236 prelatos
1072 2162 1231 2233 hereticos,
1272 2161 1344 2236 quia

359 2250 561 2325 symoniacos
591 2265 620 2308 et
644 2251 747 2307 omnia
771 2268 881 2324 genera
905 2252 1109 2320 sacerdotum,
1135 2263 1163 2306 et
1186 2251 1343 2324 quomodo

360 2357 465 2395 eorum
490 2337 665 2395 benediccio
689 2351 718 2395 et
743 2335 930 2394 ministracio
954 2350 1044 2395 nocet
1068 2336 1177 2411 regnis.
1203 2338 1343 2393 Secundo
1355 2353 1388 2386 20

358 2425 568 2500 principaliter
595 2425 688 2482 obicit
712 2438 818 2482 contra
842 2424 1082 2499 descripcionem
1106 2424 1264 2498 propriam
1289 2441 1344 2496 per

360 2516 417 2570 hoc
445 2515 527 2588 quod
554 2532 617 2569 uon
640 2513 710 2569 licet
733 2510 851 2587 precari
875 2531 931 2586 pro
954 2524 1225 2588 quantumcunque
1249 2509 1341 2567 habili

359 2603 397 2657 ad
422 2599 603 2656 beneficium
629 2599 866 2656 ecclesiasticum
891 2600 1133 2673 promovendum
1156 2612 1185 2656 et
1202 2616 1255 2673 per
1272 2616 1343 2654 con-

359 2707 488 2763 sequens
505 2701 683 2761 patronatus
699 2687 908 2761 superflueret,
927 2699 955 2743 et
971 2686 1058 2744 solvit
1075 2705 1199 2743 movens
1216 2684 1341 2742 dubium

358 2775 383 2831 si
412 2775 608 2833 beneficiatus
636 2773 810 2848 symoniace
838 2786 959 2830 tenetur
982 2773 1163 2831 beneficium
1189 2771 1386 2829 dimitterem

359 2864 440 2937 quod
470 2864 619 2933 declarat3
654 2861 772 2919 dubitat
799 2863 933 2919 secundo
957 2861 982 2918 si
1006 2862 1076 2919 licet
1101 2860 1265 2936 prelaciam
1291 2879 1343 2935 ap-

358 2963 461 3023 petere
485 2963 514 3006 et
538 2948 688 3023 dissolvit3
713 2948 831 3005 dubitat
855 2947 960 3019 tercio,
984 2948 1009 3005 si
1032 2948 1102 3006 licet
1126 2948 1210 3005 adire
1226 2946 1341 3004 curiam

359 3040 528 3094 Romanam
566 3055 622 3108 pro
662 3035 809 3094 beneficio
848 3035 1052 3093 ecclesiastico
1091 3033 1282 3110 acquirendo
1315 3047 1344 3091 et

359 3124 503 3181 dissolvit.
527 3124 636 3180 Tercio
660 3122 979 3199 obicitlprincipaliter
995 3143 1048 3198 per
1064 3125 1122 3181 hoc
1140 3125 1223 3198 quod
1243 3121 1343 3179 omnis

358 3212 495 3286 symonia
523 3211 642 3268 videtur
671 3229 734 3268 esse
758 3229 835 3286 opus
859 3210 1070 3283 extrinsecum,
1104 3228 1165 3267 non
1188 3211 1389 3282 voluntas330

359 3299 520 3356 confirmat
544 3298 703 3373 tripliciter
727 3318 762 3355 ac
787 3299 931 3356 dissolvit.

402 3386 577 3461 Capitulum
616 3386 743 3443 tercium
782 3386 881 3460 arguit
918 3388 1001 3460 quod
1038 3405 1118 3460 papa
1150 3404 1212 3442 non
1244 3395 1344 3458 potest

359 3474 517 3531 comittere
551 3473 720 3548 symoniam
755 3487 784 3530 et
813 3476 976 3548 respondet
1005 3474 1163 3530 declarans
1191 3472 1273 3546 quod
1301 3469 1344 3526 sic

359 3561 486 3618 faciliter
510 3562 555 3617 vel
581 3561 734 3618 extollitur
757 3579 849 3634 super
874 3563 963 3618 deum
989 3574 1019 3617 et
1043 3561 1178 3616 declarat
1202 3571 1263 3614 tres
1280 3557 1344 3615 vias

359 3648 467 3723 quibus
491 3661 589 3724 potest
614 3648 772 3705 comittere
795 3647 964 3722 symoniam
990 3667 1084 3723 papa3
1109 3658 1233 3722 propter
1257 3663 1343 3702 suam
1356 3648 1386 3700 35

358 3736 513 3811 propriam
548 3735 760 3793 excellenciam
792 3735 971 3809 dignitatem
1002 3735 1084 3792 illam
1115 3731 1343 3791 monarchicam

358 3824 543 3895 affectando;
561 3825 695 3881 secundo
712 3822 897 3881 tradiciones
914 3822 972 3896 legi
990 3822 1038 3879 dei
1056 3820 1225 3879 contrarias
1243 3818 1345 3876 multi-

410 4075 433 4113 4.
449 4061 500 4104 ben.
517 4073 535 4102 r.
551 4073 562 4102 a
579 4073 601 4115 p.
616 4061 648 4103 al.
663 4072 691 4102 m.
706 4071 729 4114 a,
744 4072 788 4102 om.
804 4057 834 4116 ef.
891 4062 912 4102 si.
924 4060 958 4102 vel
969 4063 1082 4102 antecur.
1093 4070 1138 4101 om.
1149 4057 1192 4112 esi.
1246 4067 1266 4111 7.
1278 4067 1344 4110 prep.

357 4115 388 4156 al.
404 4126 433 4156 m.
447 4125 510 4157 corr.
526 4125 555 4155 ex
569 4113 597 4155 ad
613 4113 748 4167 papandum
763 4124 786 4164 a,
806 4113 834 4154 ad
851 4112 986 4166 papandum
1001 4110 1152 4165 inscriptum
1173 4122 1193 4160 e,
1214 4119 1346 4169 preponen-

358 4167 401 4208 dus
425 4167 471 4219 bre,
495 4178 557 4208 corr.
576 4165 599 4207 in
621 4165 819 4220 preponderanter
838 4178 870 4222 g;
895 4165 925 4207 tl.
945 4171 1021 4206 autem
1041 4173 1088 4206 acc.
1111 4164 1158 4215 bre,
1182 4167 1271 4215 accepit
1290 4159 1345 4220 ise.

358 4217 387 4261 13.
403 4231 513 4278 expropr.
529 4229 591 4260 corr.
607 4217 629 4260 in
645 4230 672 4259 ex
687 4217 834 4272 prepositura
849 4229 872 4271 a,
888 4216 1074 4272 exproprietatur
1089 4227 1110 4264 c,
1124 4214 1312 4272 exproprietacro
1320 4210 1345 4268 f,

357 4278 534 4325 cxpreposuura
548 4271 564 4313 i.
641 4271 668 4313 15.
684 4271 787 4312 mundus
801 4269 830 4312 ei,
905 4281 934 4324 17.
949 4267 1056 4310 conclud.
1075 4278 1139 4310 corr.
1154 4277 1184 4308 ex
1202 4265 1309 4308 concedit
1322 4275 1346 4315 a,

357 4322 520 4376 conceditefi.
562 4322 592 4371 ιδ,
609 4334 640 4376 ¹9-
656 4329 677 4364 et
692 4335 752 4377 sym.
767 4335 792 4377 g,
807 4321 970 4376 corr.inquia
983 4332 1006 4363 a.
1048 4315 1211 4375 20.n0cetesr'.
1253 4328 1344 4360 annon

357 4387 402 4417 om.
417 4376 456 4427 bc;
470 4375 499 4417 io.
517 4376 605 4429 peccari
621 4387 639 4426 c,
655 4386 717 4416 corr.
733 4375 756 4417 in
772 4374 861 4428 precari
876 4386 895 4416 e.
954 4384 991 4424 24.
1006 4371 1176 4425 superfluerent
1184 4368 1218 4426 fi.
1273 4367 1308 4412 28.
1324 4374 1346 4410 et

357 4441 400 4470 «nn.
417 4429 477 4483 cogi.
537 4426 567 4469 [lt.
582 4434 604 4469 et
618 4427 675 4469 diss.
691 4425 721 4482 cs.
780 4424 813 4468 33.
829 4426 891 4478 quod
907 4449 932 4456 -
946 4437 982 4477 aa.
998 4423 1017 4466 3.
1034 4424 1084 4467 rias
1099 4436 1143 4467 om.
1152 4421 1184 4479 s;
1199 4421 1345 4476 respondens

358 4482 458 4522 declarat
474 4481 489 4523 ι’.
544 4479 578 4521 36.
596 4487 672 4532 propt.
689 4493 707 4520 s.
723 4491 772 4520 exe.
788 4485 809 4520 et
825 4478 945 4531 propriant
960 4477 1024 4528 dign.
1036 4489 1085 4529 rm,-
1099 4477 1128 4524 ib,
1145 4474 1304 4517 monarchiam
1322 4485 1345 4514 a.
