3104 5168
692 466 860 516 Joxxuurs
878 465 1019 516 wxctrr
1221 443 1300 535 [cxv.
1311 461 1353 506 rv.

364 642 398 687 ut
421 627 628 704 supradictum
653 642 705 687 est.
728 631 766 685 Et
789 628 868 685 idem
891 629 1017 685 docetur
1038 627 1056 684 8
1077 626 1234 702 questione
1257 647 1265 684 1
1284 647 1352 704 cap.

365 719 397 774 In
413 717 579 794 scripturis,
603 735 636 773 ex
653 715 789 790 Registro
810 716 944 772 eiusdem
962 715 1041 774 beati
1058 713 1209 790 Gregorii:
1234 715 1351 788 ‘Sicut,'

364 803 472 878 inquit,
497 805 591 861 ‘locus
612 803 766 877 regiminis
790 802 1029 860 desiderantibus
1052 804 1208 877 negandus
1232 815 1285 876 est,
1310 803 1353 861 ita

365 905 408 948 est
425 891 606 965 fugientibus
622 890 811 947 offerendus'
830 892 921 947 Modo
937 909 1007 948 vero
1024 902 1199 966 contempta
1215 891 1271 948 hac
1288 891 1353 965 lege

365 991 467 1035 sancta
496 998 586 1052 quarn
609 977 745 1034 Christus
770 980 857 1035 docet
881 979 973 1034 Math.
999 993 1038 1034 20
1063 979 1099 1035 de
1124 977 1192 1035 filiis
1212 978 1378 1050 Zebedei,5

365 1078 543 1139 procurator
560 1064 687 1122 Luciferi
712 1078 848 1139 expectat
871 1077 899 1120 et
923 1077 1101 1138 reexpectat,
1125 1078 1159 1122 ut
1175 1066 1262 1122 detur
1283 1064 1352 1122 licet

366 1153 461 1226 magis
484 1152 609 1210 inhabili
633 1152 676 1208 illi
701 1152 752 1225 qui
776 1153 844 1226 plus
868 1165 896 1209 et
920 1151 1072 1227 promcius
1095 1153 1159 1210 vult
1181 1151 1299 1208 offerre.

148 1249 351 1304 Lettingswaxe
409 1243 471 1314 Eya
494 1259 573 1297 nunc
597 1258 690 1314 reges,
720 1238 877 1313 intelligite
901 1239 1138 1313 expergiscentes
1162 1241 1198 1297 de
1222 1258 1351 1313 sompno

185 1302 246 1345 from
261 1301 320 1344 their

161 1353 277 1397 slumbers
291 1354 336 1396 and

149 1417 242 1460 repress
254 1406 354 1462 simony.

148 3161 215 3218 They
229 3169 292 3205 must
307 3168 347 3204 not

154 3221 260 3269 promote
274 3216 349 3257 clerks

182 3266 218 3309 for
233 3268 322 3310 secular

200 3321 295 3364 service.

365 1326 508 1400 letargico
538 1346 598 1401 quo
626 1327 696 1383 estis
724 1344 777 1401 per
804 1326 1045 1401 pseudoclericos
1074 1325 1218 1401 soporati,
1247 1339 1276 1383 et
1304 1345 1352 1382 ex-

365 1413 457 1469 cutite
500 1433 517 1470 a
559 1413 658 1488 regnis
701 1413 806 1471 vestris
849 1413 977 1470 heresim
1021 1413 1237 1487 symoniacam,
1280 1413 1398 1487 quiaro

365 1499 452 1556 aliter
468 1500 590 1557 indubie
601 1501 656 1557 erit
669 1500 859 1575 perturbacio
876 1501 959 1558 vobis
970 1500 1113 1574 undique,
1126 1519 1187 1557 non
1199 1519 1257 1574 pax
1266 1518 1352 1572 vera3

365 1587 569 1660 recognoscite
580 1591 661 1663 quod
671 1588 833 1645 commissa
843 1601 887 1645 est
896 1588 980 1645 vobis
991 1586 1172 1662 gubernacio
1190 1604 1351 1661 regnorum

365 1694 382 1730 a
403 1674 537 1745 domino,
562 1689 590 1731 et
614 1694 667 1749 per
690 1692 876 1750 consequens
899 1675 1035 1749 regimen
1058 1674 1163 1749 populi
1186 1676 1352 1731 secundum

365 1762 482 1835 regulas
498 1762 571 1835 legis
588 1781 649 1819 sue.
667 1762 825 1819 Prohibere
842 1762 943 1837 itaque
960 1762 1053 1835 legios
1063 1775 1176 1819 vestros
1192 1761 1234 1818 sic
1250 1774 1352 1836 petere

365 1849 478 1905 fontem
503 1849 637 1923 symonie
653 1863 681 1906 et
698 1849 858 1924 capitalem
875 1850 987 1907 scolam
1005 1848 1128 1923 diaboli,
1151 1850 1263 1906 nedum
1280 1847 1352 1923 quia
1366 1853 1396 1904 15

365 1955 491 2009 persone
508 1955 669 2011 regnorum
681 1951 710 1993 et
720 1935 1002 2011 specialiterAnglie
1013 1949 1082 1993 sunt
1098 1936 1129 1993 in
1142 1937 1198 1994 hoc
1208 1935 1352 2011 precipue

365 2026 401 2080 ab
426 2023 561 2081 hostibus
584 2024 742 2092 trucidate,
775 2037 804 2081 et
827 2023 971 2097 peccunie
995 2042 1156 2098 regnorum
1185 2025 1352 2080 secundum

364 2111 571 2184 prodicionem
588 2111 795 2168 absconditam
812 2124 881 2167 sunt
897 2113 1048 2184 exhauste,
1072 2113 1176 2168 sedeo
1195 2109 1352 2185 potissime

365 2199 446 2271 quod
470 2217 523 2272 per
547 2200 624 2255 hanc
649 2198 766 2256 ruinam
791 2199 874 2273 lepra
897 2199 1071 2272 symoniaca
1099 2211 1227 2272 occupat
1251 2196 1353 2254 multi-

365 2284 482 2358 pliciter
514 2298 612 2342 vestra
635 2304 736 2359 regna.
770 2285 800 2342 Si
825 2285 904 2342 enim
937 2305 1051 2360 paucus
1079 2304 1191 2343 cuneus
1219 2285 1397 2342 hostium20

364 2371 411 2427 vel
442 2373 525 2446 lepra
558 2392 682 2446 regnum
720 2372 922 2430 inficiencium
963 2372 1061 2446 ipsum
1099 2372 1251 2444 invaserit,
1284 2370 1352 2446 quis

366 2458 482 2515 dubitat
506 2459 580 2534 quin
597 2479 646 2516 rex
669 2461 767 2533 segnis
791 2460 821 2516 in
845 2462 1030 2516 extrudendo
1054 2459 1227 2517 huiusmodi
1251 2460 1351 2515 hostes

365 2546 402 2601 sit
419 2547 603 2619 culpandus?
627 2547 779 2603 Infinitum
805 2547 899 2620 magis
916 2548 1055 2622 culpatur
1071 2567 1088 2604 a
1104 2549 1161 2604 deo
1177 2545 1299 2603 indubie
1316 2564 1352 2602 eo

365 2634 446 2706 quod
471 2632 619 2706 permittit
636 2633 732 2690 dictos
749 2635 937 2708 symoniacos
954 2634 1094 2691 invadere
1110 2653 1236 2708 regnum
1252 2652 1352 2690 suum.

365 2719 423 2793 lpsi
448 2720 528 2777 enim
551 2720 700 2795 spirituali
724 2722 864 2796 contagio
889 2722 1042 2779 maculant
1066 2741 1191 2796 regnum
1213 2734 1242 2778 et
1258 2719 1396 2795 speci-25

365 2806 452 2862 aliter
484 2826 567 2882 reges
601 2822 629 2865 et
662 2809 800 2865 dominos
833 2810 982 2866 seculares
1006 2827 1039 2865 ex
1072 2828 1229 2879 consensu,
1263 2821 1292 2864 et
1315 2825 1351 2864 eo

364 2893 483 2967 gravius
507 2915 568 2970 quo
592 2915 736 2970 prospera
759 2896 903 2953 facilitate
926 2898 1064 2970 negando
1085 2897 1159 2954 tales
1180 2915 1243 2952 esse
1260 2893 1354 2969 legios

365 2999 434 3037 suos
458 3000 507 3037 rex
530 2996 629 3056 potest
653 3002 703 3039 eos
728 2984 893 3056 excludere,
919 2997 947 3039 et
971 3002 1166 3057 quoscunque
1190 2985 1353 3041 advocatos

366 3086 469 3124 eorum
481 3082 637 3145 tamquam
656 3072 756 3126 hostes
772 3070 956 3145 proditorios
973 3072 1057 3144 regni
1073 3070 1270 3128 effectualiter
1281 3088 1351 3126 con-

366 3155 492 3229 signare.
511 3156 570 3213 Sed
580 3171 652 3214 tunc
662 3171 782 3233 oportet
795 3177 895 3231 regem
908 3171 935 3214 et
946 3177 1082 3232 regnum,
1097 3172 1130 3214 ut
1141 3158 1255 3215 dictum
1267 3155 1353 3214 estin
1365 3160 1397 3211 30

366 3255 495 3300 tractatu
520 3247 563 3301 De
581 3248 669 3318 Rege,
693 3247 792 3302 fovere
816 3245 949 3301 studium
974 3245 1047 3319 legis
1071 3245 1118 3301 dei
1143 3258 1171 3301 et
1194 3244 1352 3320 providere

366 3330 513 3404 theologis
541 3351 643 3388 curam
672 3331 836 3407 spiritualis
864 3331 1019 3406 regiminis
1047 3334 1179 3390 cavendo
1207 3345 1352 3407 tanquam

363 3434 513 3473 venenum
537 3421 574 3474 ad
599 3419 673 3475 illud
696 3437 873 3493 promovere
898 3419 1021 3476 clericos
1046 3433 1169 3494 propter
1192 3421 1249 3477 hoc
1271 3418 1353 3493 quod

364 3503 420 3560 sibi
444 3504 474 3560 in
498 3505 682 3563 secularibus
706 3506 839 3580 negociis
862 3508 1057 3566 famulantur.
1081 3510 1158 3565 Nam
1174 3519 1208 3563 ut
1224 3506 1267 3563 sic
1282 3516 1354 3562 sunt

417 3790 432 3819 ι.
453 3786 477 3820 ut
496 3777 656 3832 supradictum
676 3777 687 3820 i
703 3778 785 3825 solum.
805 3778 839 3821 vel
859 3785 993 3832 suspectum
1013 3779 1092 3822 ceteri.
1186 3790 1206 3821 2.
1227 3778 1252 3822 ln
1272 3778 1352 3833 script.

364 3841 407 3871 om.
423 3841 473 3884 ag;
490 3842 541 3884 cap.
560 3831 586 3873 ln
606 3829 685 3884 script.
706 3830 736 3873 dh
750 3830 803 3872 soli.
904 3841 923 3884 e,
938 3829 957 3873 3.
978 3831 1043 3875 Sicut
1057 3831 1119 3874 enirn
1134 3832 1208 3884 locus,
1222 3830 1298 3886 inquit
1311 3842 1352 3887 ag.

365 3882 386 3922 6.
403 3889 545 3935 reexspectat
559 3894 604 3925 om.
620 3882 642 3925 lt.
723 3895 745 3936 9.
761 3889 782 3924 ct
796 3894 840 3925 om.
855 3895 878 3925 a.
959 3896 990 3926 10.
1006 3884 1034 3926 de
1049 3883 1126 3938 regnis
1140 3895 1181 3939 ag,
1197 3896 1256 3940 sym.
1272 3881 1352 3937 populi

364 3933 395 3975 al.
411 3947 439 3976 m.
454 3935 485 3977 dr.
528 3946 553 3977 11.
570 3934 655 3989 ubique
669 3946 710 3989 ag.
752 3946 782 3977 12.
797 3935 851 3990 quia
866 3935 888 3985 i,·
902 3934 999 3978 dimissa
1014 3935 1097 3992 bcesg;
1111 3948 1236 3990 regnorum
1251 3947 1296 3978 om.
1311 3946 1352 3989 ag.

364 3997 396 4036 14.
413 3987 515 4041 regulam
530 3998 553 4031 a.
614 3988 646 4030 16.
662 3993 683 4029 et
698 3998 742 4028 om.
758 3987 773 4029 i.
836 3988 865 4031 18.
882 3987 1040 4042 perdicionem
1055 3987 1089 4030 bc.
1148 3999 1183 4031 20.
1199 3994 1279 4031 nostra
1293 3986 1352 4043 bees.

364 4048 394 4079 21.
410 4039 472 4093 lepre
486 4037 567 4093 bedsg.
630 4050 664 4081 22.
680 4039 791 4093 quoniam
806 4040 876 4095 adsg.
939 4051 975 4092 24.
991 4039 1068 4083 dictos
1082 4041 1114 4083 al.
1130 4053 1159 4082 m.
1174 4040 1197 4093 d,
1212 4052 1257 4083 om.
1272 4039 1351 4082 ceteri.

364 4089 398 4132 28.
418 4103 445 4132 co
460 4091 522 4152 facto
536 4102 572 4142 aq,
591 4102 750 4150 quoscunque
763 4102 826 4134 corr.
842 4104 870 4135 ex
902 4105 931 4151 uo
946 4092 1007 4136 facto
1022 4093 1044 4140 d,
1059 4104 1106 4147 quo
1121 4091 1181 4135 facto
1189 4092 1215 4148 f,
1235 4103 1352 4152 quoscun-

363 4147 502 4240 pueqceterr.
583 4154 619 4197 29.
636 4143 780 4198 prodrtorros
796 4144 824 4193 ef,
840 4105 973 4199 proinores
988 4145 1068 4193 ceteri,
1083 4144 1144 4206 regis
1159 4150 1181 4187 et
1194 4143 1259 4205 regni
1273 4148 1352 4187 cetere.

377 4206 398 4237 o.
414 4207 437 4237 rn
453 4195 467 4237 lr
481 4195 563 4244 solum,
577 4195 606 4237 de
621 4208 672 4250 rege
686 4207 730 4238 om.
745 4195 822 4252 bcesg,
837 4197 868 4239 al.
879 4209 907 4239 m.
922 4197 962 4240 ad.
1004 4196 1037 4240 32.
1054 4196 1162 4253 specialis
1177 4195 1296 4252 regiminis
1310 4208 1352 4253 ag.

386 4315 389 4320 Ι
402 4355 422 4388 1.
439 4338 501 4388 lbid.
517 4336 564 4404 592
580 4340 639 4404 (cp
654 4339 691 4402 [ln
706 4338 816 4402 scriptis]
832 4340 861 4389 C.
874 4338 899 4401 8,
913 4355 939 4404 q.
954 4356 974 4390 1.
1031 4339 1053 4390 5.
1068 4339 1158 4391 Matth.
1174 4355 1215 4402 ao,
1229 4353 1263 4388 20
1277 4352 1353 4402 seqq.

365 4411 407 4459 30.
426 4409 465 4458 De
483 4409 564 4474 Rege.
584 4408 623 4458 Cf.
643 4409 779 4458 Addenda.
