3104 5168
684 467 852 516 ioiiaiiuis
873 465 1011 514 wrciii·
1221 443 1301 531 [cir.
1317 461 1347 503 ν.

359 648 421 687 non
445 641 529 702 potes
561 626 717 684 sustinere.
759 628 817 683 Sed
850 626 920 683 audi
949 628 1038 683 verba
1071 645 1138 682 mea
1167 639 1194 682 et
1223 625 1350 682 consilia

360 729 390 773 et
414 715 470 772 erit
494 716 566 772 deus
590 727 701 785 tecum,
726 727 789 771 esto
813 728 845 770 tu
870 715 982 788 populo
1006 713 1037 769 in
1054 712 1111 769 hiis
1128 732 1186 787 que
1203 715 1241 769 ad
1258 714 1349 769 deum

361 802 513 878 pertinent
536 816 569 858 ut
592 802 704 858 referas
727 819 785 875 que
809 800 950 857 dicuntur
974 802 1012 857 ad
1037 819 1116 871 eum,
1145 801 1350 874 ostendasque

361 891 474 965 populo
500 888 680 946 cerimonias
704 901 731 944 et
756 887 847 944 ritum
872 887 991 945 colendi
1015 886 1155 962 viamque
1179 906 1232 962 per
1256 907 1349 962 quam

362 980 471 1035 debent
503 975 619 1050 ingredi
652 993 788 1050 opusque
820 977 902 1050 quod
931 976 1040 1031 debent
1069 976 1187 1032 facere'
1222 973 1254 1031 Si
1278 977 1375 1048 erg05

361 1064 392 1121 in
427 1065 491 1138 lege
526 1062 618 1120 veteri
657 1075 778 1119 sanctus
816 1065 933 1136 Moyses
972 1061 1014 1119 ita
1051 1061 1143 1120 vitam
1183 1080 1349 1137 pauperem

360 1151 432 1209 vixit
461 1169 494 1207 ex
527 1149 651 1207 consilio
683 1149 803 1223 gentilis
835 1148 1016 1224 philosophi,
1057 1148 1109 1223 qui
1141 1148 1172 1205 in
1205 1151 1262 1205 hoc
1295 1149 1351 1205 fuit

360 1258 508 1312 organum
532 1236 654 1312 spiritus
677 1235 784 1308 sancti,
817 1235 1012 1311 particularia
1035 1235 1148 1293 iudicia
1176 1238 1212 1293 de
1240 1235 1351 1311 quibus

362 1325 465 1382 habuit
482 1337 756 1399 supereminentem
770 1323 930 1381 scienciam
945 1322 1115 1398 dereliquit,
1127 1336 1242 1398 quanto
1253 1323 1351 1398 magis

361 1412 489 1469 vicarius
514 1410 625 1468 Christi
649 1410 679 1467 in
702 1412 766 1485 lege
790 1411 889 1485 gracie
906 1413 993 1468 debet
1010 1429 1073 1468 esse
1090 1412 1259 1486 exemplum
1276 1431 1351 1485 pau·
1365 1433 1394 1467 io

361 1499 440 1574 peris
465 1513 493 1557 et
517 1497 638 1554 humilis
662 1497 819 1555 ministerii
845 1512 956 1554 ernon
973 1499 1052 1555 ultra
1068 1499 1170 1555 datam
1187 1498 1350 1556 scienciam

362 1585 531 1662 prepositos
555 1585 610 1642 sibi
634 1584 803 1659 incognitos
820 1585 981 1659 assignare.
1006 1589 1082 1642 Nam
1099 1585 1214 1642 iudices
1231 1585 1262 1641 in
1286 1587 1352 1660 lege

362 1674 457 1748 Moysi
490 1675 599 1730 debent
623 1691 686 1729 esse
710 1672 765 1728 viri
797 1686 937 1746 potentes
961 1685 991 1729 et
1013 1671 1153 1729 timentes
1185 1675 1287 1741 deum,
1320 1673 1351 1729 in

362 1761 471 1837 quibus
495 1760 533 1817 sit
556 1759 665 1817 veritas
689 1771 717 1816 et
740 1759 791 1834 qui
816 1759 914 1817 oderit
938 1759 1110 1831 avariciam,
1135 1761 1231 1816 multo
1255 1760 1352 1834 magis

362 1848 393 1905 in
409 1850 474 1923 lege
488 1846 609 1918 Christi,
627 1846 658 1902 in
675 1866 735 1921 qua
752 1861 820 1903 sunt
836 1846 982 1921 prepositi
1000 1846 1181 1903 animarum¹
1207 1849 1352 1903 Summus
1368 1854 1395 1904 15

363 1936 464 2011 itaque
480 1934 609 1992 vicarius
623 1933 733 1991 Christi
757 1934 787 1991 in
812 1934 898 1990 terris
922 1936 1010 1990 debet
1034 1933 1230 2008 spiritualiter
1253 1934 1353 1991 vivere

363 2022 457 2080 instar
490 2021 611 2092 Christi,
650 2021 848 2079 universalem
888 2035 999 2078 statum
1033 2020 1248 2078 christianismi
1281 2041 1353 2078 con-

363 2124 478 2184 tempto
495 2112 574 2165 bono
597 2107 721 2181 proprio
739 2108 887 2183 respicere
912 2122 941 2165 et
967 2128 1029 2166 esse
1047 2110 1215 2183 exemplum
1232 2108 1353 2165 virtutis

364 2211 391 2254 et
408 2209 598 2269 contemptus
622 2194 713 2251 seculi
737 2196 794 2252 toti
810 2197 931 2270 populo.
958 2199 995 2251 Et
1011 2196 1097 2252 aliter
1119 2195 1244 2270 dissipat
1268 2214 1299 2253 se
1324 2209 1354 2253 et

363 2298 460 2342 totum
478 2281 735 2340 christianismum
753 2282 783 2338 in
800 2296 895 2339 sectas
913 2296 1037 2358 propter
1053 2301 1236 2341 venenosum
1254 2301 1354 2340 exem·
1365 2303 1397 2338 20

364 2373 447 2445 plum
465 2384 493 2427 et
509 2371 626 2426 lucrum
644 2369 801 2443 proprium
819 2372 900 2444 quod
917 2369 1059 2441 intendit,
1077 2384 1201 2444 propter
1214 2370 1271 2427 ista
1288 2370 1355 2445 qui-

364 2461 432 2515 dem
449 2459 537 2513 dehet
561 2474 623 2512 esse
647 2456 720 2530 legis
744 2457 791 2512 dei
815 2459 936 2514 sedulus
960 2459 1131 2533 speculator
1155 2471 1184 2514 et
1199 2457 1231 2514 in
1251 2457 1355 2514 arduis

365 2547 403 2603 ad
427 2542 678 2619 propiciatorium
696 2557 723 2600 et
745 2544 804 2601 alia
827 2544 912 2618 signa
935 2544 1040 2619 templi
1064 2546 1230 2601 secundum
1255 2546 1353 2618 legem

365 2630 476 2689 Christi
493 2629 656 2705 respicere3
674 2643 701 2686 et
718 2645 789 2687 tunc
807 2646 912 2688 ernon
929 2632 1015 2689 aliter
1032 2645 1076 2689 est
1084 2631 1214 2690 vicarius
1225 2631 1354 2703 Christi;

366 2733 393 2777 et
426 2721 462 2776 de
495 2731 580 2775 tanto
618 2717 803 2792 precipiente
842 2719 966 2775 domino
1005 2721 1149 2776 debemus
1181 2721 1219 2776 ad
1252 2719 1352 2794 ipsum
1367 2725 1397 2775 25

364 2806 522 2881 respicere,
547 2804 603 2861 sibi
628 2807 750 2862 credere
773 2807 818 2862 vel
843 2806 902 2862 suis
927 2806 1049 2862 monitis
1073 2805 1205 2864 obedire.

779 3153 871 3214 CAP.
896 3152 933 3215 V.

187 3354 314 3409 Thepope
409 3332 468 3387 Sed
492 3330 646 3386 dubitatur
670 3330 805 3403 ulterius,
839 3331 955 3388 silicet
980 3350 1057 3406 pape
1091 3330 1147 3387 sibi
1171 3334 1353 3389 reservando

150 3405 356 3513 ὃὲζξὲξᾶῗζξέὴξζῧ
366 3416 480 3491 primos
497 3419 610 3474 fructus
627 3417 805 3474 distribuere
822 3418 1001 3492 generaliter
1017 3417 1163 3475 beneficia
1179 3438 1352 3492 regnorum.

169 3511 196 3554 of
208 3518 335 3570 patronage
367 3508 403 3560 Et
426 3504 543 3561 videtur
567 3506 648 3579 quod
671 3524 742 3575 non,
767 3505 838 3579 quia
861 3519 894 3561 ut
917 3505 1007 3580 logici
1030 3519 1169 3579 arguunt,
1195 3524 1249 3580 per
1271 3505 1352 3562 idem
1366 3507 1399 3557 30

150 3563 467 3665 anissisfeffillfngposset
491 3591 546 3647 sibi
570 3610 721 3648 reservare
754 3591 869 3664 primo's
892 3594 1006 3649 frtictus
1039 3595 1169 3648 duorum
1203 3611 1353 3649 annorum

368 3692 395 3735 et
420 3692 569 3753 quotquot
598 3678 724 3735 voluerit
749 3692 777 3734 et
811 3679 852 3736 sic
881 3679 984 3736 omnia
1012 3678 1158 3737 beneficia
1190 3699 1353 3753 regnorum

367 3780 467 3840 posset
496 3785 556 3840 quo
581 3768 617 3822 ad
646 3765 827 3839 temporalia
859 3767 913 3822 sibi
946 3767 1158 3840 inperpetuum
1192 3786 1354 3839 reservare,

421 4068 437 4099 i.
452 4061 474 4097 et
487 4055 525 4107 dli,
540 4062 608 4109 atque
622 4056 701 4098 ceteri.
781 4066 800 4097 2.
816 4068 859 4110 pro
875 4056 962 4110 populo
977 4057 1035 4111 bref.
1112 4055 1131 4098 3.
1147 4056 1175 4099 ad
1191 4057 1260 4099 deum
1275 4058 1355 4100 ceteri.

385 4139 390 4149 .
409 4107 522 4150 terminos
540 4119 584 4161 pro
605 4107 684 4149 cerini
705 4107 768 4163 acsg.
852 4107 870 4150 5.
891 4108 973 4150 debeat
991 4109 1051 4162 ingr.
1071 4109 1087 4160 τ’,
1107 4120 1170 4152 corr.
1185 4109 1209 4152 in
1229 4109 1313 4152 debent
1331 4122 1354 4162 a,

367 4121 466 4202 debeant
469 4159 495 4220 s
497 4174 506 4210 ;
524 4160 553 4202 ib.
568 4159 652 4202 debent
666 4164 721 4202 ante
735 4159 778 4202 fac.
794 4172 837 4202 om.
852 4159 945 4215 bedefg.
1003 4174 1023 4212 7.
1039 4161 1105 4204 duxit
1119 4173 1146 4203 ex
1158 4161 1193 4216 gi.
1248 4160 1268 4204 8.
1285 4161 1355 4215 parti-

368 4211 455 4255 cularia
468 4211 555 4255 iudicia
569 4213 591 4264 li,
607 4224 669 4254 corr.
680 4224 709 4254 ex
723 4212 799 4255 media
814 4212 836 4267 d,
852 4213 929 4254 media
944 4213 1023 4255 ceteri.
1066 4225 1087 4267 9.
1104 4214 1315 4267 supereminentem
1331 4215 1354 4268 a,

367 4271 424 4307 -tem
445 4276 508 4307 corr.
529 4277 558 4307 ex
571 4271 616 4306 -ter
635 4276 654 4318 c,
669 4271 714 4306 -ter
728 4265 806 4307 ceteri⁴
866 4277 892 4307 11.
912 4265 1035 4308 scienciam
1056 4277 1100 4308 om.
1119 4265 1212 4322 bcdeffg,
1231 4266 1263 4309 al.
1282 4278 1312 4308 m.
1331 4279 1354 4308 a.

369 4329 400 4368 14·
421 4316 504 4359 odiunt
518 4317 596 4359 ceteri.
669 4328 702 4360 22.
724 4317 848 4359 continuus
857 4328 906 4376 pro
922 4318 1016 4360 sedulus
1031 4330 1073 4374 ag.
1141 4315 1174 4360 23.
1195 4318 1234 4360 sed
1250 4319 1323 4372 legem
1338 4319 1354 4361 i.

368 4379 403 4423 29.
424 4369 564 4429 gradualiter
578 4369 630 4424 lug,
645 4381 707 4411 corr.
723 4369 746 4411 in
761 4369 898 4421 generaliter
912 4381 935 4412 a.
1020 4368 1053 4411 30.
1073 4371 1154 4422 legista
1168 4377 1268 4425 arguunt
1286 4370 1355 4426 abfg‚

369 4421 437 4476 logici
452 4422 484 4465 al.
500 4433 528 4463 m.
544 4423 566 4464 li.
621 4418 654 4464 33.
670 4428 746 4476 potest
762 4422 856 4476 abcefg,
872 4433 935 4464 corr.
951 4422 975 4464 in
990 4430 1070 4477 posset
1084 4423 1106 4465 d.
